2774 3681
1257 302 1515 342 -7—

298 440 300 442 ·
355 431 681 490 grammaticas,
729 430 879 483 quales
911 434 1001 471 tum
1042 432 1209 484 essent,
1253 432 1372 471 artes
1414 427 1692 482 profiteretur
1729 441 1782 471 ac
1814 428 2074 485 susciperet,
2119 429 2253 473 tacito
2285 428 2411 482 quasi

357 502 499 548 studio
528 502 561 545 J
561 501 759 544 uvenalis
792 500 952 543 satiras
984 501 1126 543 obiter
1154 504 1202 542 et
1231 500 1395 553 passim
1425 499 1695 542 adnotandas
1727 500 1811 542 sibi
1843 500 2093 554 sumpsisse.
2151 500 2235 556 Qui
2265 504 2411 544 tamen

355 577 435 621 hoc
466 585 641 618 munere
671 576 721 615 ut
751 585 862 615 unus
894 572 947 615 de
978 571 1165 615 indoctis
1202 574 1334 624 atque
1364 570 1543 614 rudibus
1586 570 1760 615 functus
1792 571 1977 614 forsitan
2020 572 2065 614 id
2095 585 2223 615 unum
2253 573 2410 627 egerit,

355 652 404 690 ut
419 645 653 689 inusitatas
671 646 717 687 et
732 644 938 686 obscuras
956 654 1087 685 voces
1101 642 1280 685 vocibus
1299 641 1567 696 significaret
1583 642 1883 685 usitatioribus
1901 646 1959 696 et,
1977 646 2104 695 prout
2119 643 2408 698 intellegeret,

355 729 425 761 res
458 717 685 760 abstrusas
717 718 847 767 atque
878 712 1125 757 reconditas
1158 712 1412 767 explanaret
1442 725 1493 756 ac
1525 712 1765 768 detegeret,
1833 713 2001 757 Deinde
2034 727 2129 757 cum
2160 726 2410 758 concessum

356 790 458 843 erit,
501 786 732 830 ‚Iuvenalis
779 785 938 828 satiras
952 819 962 839 ,
1010 788 1290 838 posteaquam
1322 784 1465 827 editae
1496 789 1666 839 essent,
1710 797 1794 829 non
1826 784 2055 828 confestim
2094 785 2139 828 in
2170 784 2328 828 famam
2357 799 2410 828 ac

332 871 336 876 ’
356 859 542 915 gratiam
565 857 780 899 hominum
802 855 1069 909 pervenisse,
1092 854 1198 897 illud
1220 854 1352 897 etiam
1373 854 1689 911 intellegemus,
1719 868 1847 909 quam
1868 855 1996 899 facile
2018 856 2073 899 ab
2094 855 2244 909 ignoto
2267 855 2409 908 aliquo

356 931 448 972 eius
482 932 689 981 amatore,
713 928 785 979 qui
806 930 855 968 ut
876 927 969 978 ipse
990 926 1020 968 J
1022 926 1220 969 uvenalis
1243 926 1473 968 stoicorum
1496 930 1658 968 sectam
1680 927 1842 970 coleret
1862 926 2059 980 idemque
2081 926 2410 970 molestissimus

356 999 737 1053 ineptissimusque
770 1002 889 1040 esset
920 998 1122 1052 monitor,
1164 998 1365 1051 genuinis
1397 1002 1551 1050 poetae
1583 998 1731 1040 satiris
1763 997 1981 1041 inficetum
2019 997 2192 1050 aliquod
2224 1009 2410 1053 carmen,

357 1071 481 1122 quale
514 1073 583 1111 est
615 1069 751 1110 satira
781 1069 878 1121 XV,
917 1069 1030 1110 adici
1061 1068 1263 1120 potuerit.
1326 1068 1550 1109 Euismodi
1580 1073 1724 1110 autem
1756 1069 2015 1122 exemplum,
2061 1068 2173 1120 quod
2212 1072 2294 1111 sat.
2328 1067 2412 1111 XV

357 1144 610 1183 exornatum
642 1143 751 1192 erat,
783 1142 937 1191 postea
967 1139 1010 1181 in
1043 1138 1227 1181 omnium
1258 1151 1382 1180 usum
1413 1139 1613 1191 pervenit
1643 1151 1695 1180 ac
1726 1139 1938 1181 notitiam.
2382 1187 2389 1194 ¹

497 1210 597 1252 Jam
629 1223 732 1252 vero
775 1214 948 1261 praeter
991 1209 1087 1252 illos
1132 1209 1456 1263 grammaticOS,
1502 1210 1573 1261 qui
1616 1210 1820 1251 fatuitate
1863 1214 1909 1250 et
1951 1209 2133 1251 levitate
2176 1209 2411 1252 Frontonis

357 1282 655 1335 laetabantur,
689 1280 1022 1324 inveniebantur
1053 1279 1142 1335 alii,
1176 1279 1248 1332 qui
1278 1279 1322 1322 in
1354 1280 1527 1322 diverso
1559 1280 1935 1334 grammaticorum
1968 1279 2206 1322 studiorum
2236 1293 2410 1335 genere,

358 1365 467 1406 quae
499 1357 594 1394 erat
626 1351 914 1405 perscrutatio
942 1351 1150 1393 historiae
1182 1350 1415 1406 literariae,
1447 1354 1742 1394 versarentur.
1795 1350 1864 1393 Ex
1897 1351 2051 1403 quibus
2083 1364 2208 1406 unus,
2240 1355 2410 1405 postea-

358 1435 482 1476 quam
504 1423 685 1465 Romani
706 1422 936 1464 ,Iuvenalis
961 1422 1120 1464 satiras
1142 1422 1282 1476 magis
1310 1422 1534 1476 magisque
1556 1421 1756 1464 adamare
1778 1424 2011 1475 coeperant
2034 1446 2086 1451 —
2110 1435 2208 1464 nam
2235 1416 2412 1475 postera

357 1498 502 1535 aetate
537 1494 668 1546 vulgo
698 1494 904 1545 probatas
946 1505 1020 1534 eas
1053 1492 1189 1535 fuisse
1228 1492 1358 1535 testis
1399 1497 1468 1535 est
1498 1493 1634 1535 Amm.
1668 1492 1946 1535 Marcellinus
1978 1491 2194 1548 XXVIII,
2239 1496 2286 1547 4,
2335 1495 2409 1536 14:

363 1565 558 1617 „quidam
601 1565 873 1605 detestantes
913 1568 962 1605 ut
1001 1576 1171 1605 venena
1208 1563 1427 1605 doctn'nas
1469 1563 1500 1605 J
1502 1564 1728 1605 uvenalem
1765 1567 1811 1605 et
1848 1563 2030 1605 Marium
2070 1563 2303 1607 Maximum
2340 1564 2411 1618 (de

359 1647 439 1686 quo
473 1647 514 1677 v.
549 1635 681 1677 schol.
717 1638 797 1676 sat.
832 1634 906 1689 IV,
949 1636 1021 1687 53)
1063 1634 1276 1676 curatiore
1320 1634 1462 1676 studio
1505 1635 1657 1688 legunt
1687 1635 1806 1676 nulla
1837 1634 2054 1677 volumina
2093 1639 2268 1688 praeter
2303 1636 2410 1679 haec

358 1706 401 1748 in
433 1706 643 1758 profundo
676 1706 762 1748 otio
795 1706 1143 1748 contrectantes“
1190 1730 1242 1735 ——
1289 1706 1483 1748 curiosus
1524 1704 1666 1748 factus
1708 1708 1797 1759 est,
1840 1705 2040 1758 quidnam
2081 1709 2201 1749 esset
2231 1706 2284 1750 de
2316 1707 2410 1750 vita

357 1777 473 1819 illius
506 1781 659 1829 poetae
691 1777 910 1819 traditum.
973 1776 1058 1819 Sed
1101 1777 1202 1829 quid
1242 1777 1383 1830 potuit
1420 1777 1645 1819 invenire?
1706 1777 1756 1818 In
1795 1776 1987 1819 Suetonii
2025 1776 2154 1831 libro,
2196 1778 2268 1830 qui
2299 1791 2408 1821 unus

358 1848 401 1889 in
434 1848 688 1890 enarrandis
729 1847 960 1889 illustrium
991 1848 1179 1889 virorum
1209 1848 1315 1890 vitis
1348 1849 1628 1902 versabatur,
1675 1848 1719 1889 in
1760 1859 1809 1889 eo
1850 1847 1957 1889 nihil
1997 1847 2051 1889 de
2081 1847 2296 1891 Juvenale
2337 1862 2408 1892 ex-

360 1919 519 1960 stabat.
573 1919 679 1960 Nam
714 1922 759 1970 et
789 1918 894 1959 illud
927 1918 1096 1970 quidem
1117 1922 1234 1973 puto,
1268 1918 1530 1973 Suetonium,
1564 1930 1672 1970 quae
1694 1920 1764 1959 est
1795 1917 1887 1959 eius
1909 1921 2079 1972 natura,
2112 1918 2275 1971 poesim
2296 1919 2410 1962 haud

358 1988 401 2030 in
433 2002 588 2042 magno
621 1989 759 2041 pretio
782 1989 998 2040 posuisse3
1032 2002 1164 2039 quare
1192 1993 1407 2041 postremo
1438 1989 1700 2030 monumenti
1733 1988 1799 2029 sui
1830 1988 1922 2029 loco
1944 1988 2090 2029 nescio
2122 2002 2176 2030 an
2208 1990 2409 2041 pauciora

358 2058 502 2111 ctiam,
538 2071 663 2110 quam
694 2063 884 2110 putetur,
918 2058 970 2100 de
993 2058 1133 2100 claris
1165 2059 1303 2110 poetis
1337 2058 1573 2111 scripserit.
1637 2058 1731 2099 Hoc
1761 2070 1866 2099 vero
1897 2057 2168 2099 manifestum
2200 2064 2283 2113 est,
2315 2072 2409 2101 eum

357 2140 442 2171 non
475 2129 598 2172 modo
631 2129 737 2172 nihil
771 2129 822 2172 de
854 2129 1069 2171 Juvenale
1103 2129 1351 2184 scripsisse,
1397 2130 1474 2172 sed
1504 2129 1752 2172 universam
1791 2127 1907 2170 illam
1939 2128 2078 2180 operis
2117 2129 2209 2171 eius
2242 2135 2406 2182 partem

358 2199 539 2241 omnium
572 2200 754 2242 maxime
786 2212 979 2244 mancam
1012 2205 1057 2244 et
1088 2199 1383 2255 imperfectam
1414 2200 1563 2244 fuisse.
1617 2199 1678 2243 Et
1709 2199 1809 2251 quid
1831 2199 1969 2252 magis
2001 2200 2248 2255 verisimile,
2282 2214 2406 2253 quam

358 2270 567 2312 eiusmodi
602 2283 730 2326 opuS,
765 2271 889 2323 quale
921 2283 946 2314 a
978 2271 1182 2315 Suetonio
1213 2271 1460 2329 institutum
1492 2274 1631 2326 esset,
1664 2282 1758 2313 cum
1790 2272 1907 2312 certo
1939 2268 2021 2313 fine
2053 2276 2240 2327 careret,
2271 2286 2408 2325 neque

358 2342 411 2379 ab
444 2354 526 2382 uno
549 2347 725 2384 auctore
756 2343 999 2384 absolutum
1021 2354 1120 2386 esse
1152 2345 1198 2386 et
1227 2335 1334 2386 alios
1357 2346 1523 2397 postea,
1555 2344 1604 2385 ut
1625 2340 1900 2395 complerent,
1932 2339 2214 2385 incitavisse?
2256 2343 2407 2396 Itaque

358 2414 664 2463 grammaticus
698 2414 843 2455 nescio
876 2414 971 2466 quis
1005 2425 1127 2454 suum
1159 2425 1258 2455 esse
1289 2413 1529 2456 arbitratus
1570 2416 1659 2467 est,
1704 2415 1752 2455 ut
1792 2411 2020 2455 Juvenalis
2065 2425 2230 2467 quoque
2274 2411 2407 2457 vitam

359 2483 587 2525 subiceret.
651 2484 735 2526 Sed
768 2498 860 2526 cum
894 2485 945 2525 de
977 2497 1026 2525 eo
1058 2485 1164 2525 nihil
1196 2485 1280 2525 iam
1312 2484 1596 2536 comperisset
1637 2508 1688 2512 —
1733 2482 1842 2525 unde
1876 2483 2160 2536 comperiret?
2207 2509 2258 2513 —
2303 2484 2408 2527 nihil

360 2551 441 2593 fuit
485 2553 694 2605 reliquum
742 2568 867 2606 quam
914 2560 961 2595 ut
1001 2560 1145 2596 mente
1189 2567 1292 2596 usus
1338 2559 1380 2596 et
1422 2567 1552 2596 sensu
1591 2567 1757 2608 eorum,
1803 2554 1872 2605 qui
1898 2557 2049 2602 *artem
2094 2558 2181 2597 tum
2221 2556 2408 2598 colerent

358 2621 607 2666 historicam
649 2629 694 2667 et
735 2625 766 2666 ii
797 2639 880 2667 non
920 2630 1007 2667 tam
1039 2625 1132 2666 veri
1173 2626 1516 2678 investigatores
1555 2638 1681 2677 quam
1713 2628 1960 2677 captatores
1992 2614 2407 2668 narratiunculamm

359 2704 455 2734 esse
498 2694 705 2749 solerent,
751 2701 796 2737 et
844 2697 1037 2738 criticum
1085 2709 1208 2747 quem
1252 2696 1448 2737 novimus
1490 2694 1864 2749 grammaticorum
1903 2707 2060 2736 morem
2102 2700 2275 2737 secutus
2313 2697 2407 2749 ipse

360 2761 494 2804 vitam
526 2765 797 2818 excogitaret
828 2766 1204 2820 excogitatamque
1233 2766 1494 2808 Suetoniano
1525 2766 1635 2808 libro
1667 2764 1976 2818 agglutinaret.
2037 2766 2158 2807 Haec
2189 2771 2258 2808 est
2290 2767 2407 2809 vitae

360 2831 474 2875 illius
507 2834 641 2891 origo,
675 2849 798 2889 quam
833 2836 957 2891 signo
989 2836 1010 2879 I
1040 2836 1189 2880 Jahnii
1220 2836 1482 2889 aliorumque
1513 2851 1629 2880 more
1661 2835 1829 2889 notavi,
1862 2850 1945 2887 qua
1977 2842 2216 2879 ceterarum
2247 2839 2407 2880 nullam

360 2907 434 2945 aut
475 2906 757 2951 vetustiorem
805 2911 882 2951 aut
927 2907 1099 2952 maioris
1137 2906 1410 2952 auctoritatis
1457 2921 1555 2951 esse
1602 2907 1773 2952 interim
1814 2906 1942 2949 velim
1989 2907 2090 2950 mihi
2132 2909 2405 2952 concedatur.

361 2974 454 3016 Non
485 2978 726 3021 remotioris
769 2991 862 3021 eam
905 2978 1065 3022 aetatis
1105 2990 1229 3032 quam
1260 2978 1328 3022 HI
1359 2978 1429 3022 vel
1461 2978 1523 3022 IV
1561 2992 1659 3023 esse
1702 2978 1862 3022 saeculi
1899 2976 1995 3020 ideo
2026 2991 2108 3032 ego
2140 2979 2408 3034 crediderim,

361 3046 459 3096 quia
491 3047 604 3090 haud
637 3050 727 3092 scio
760 3063 815 3092 an
848 3050 969 3104 ipsae
1000 3049 1031 3093 J
1033 3049 1229 3093 uvenalis
1262 3049 1423 3092 satirae
1455 3062 1539 3092 non
1571 3050 1690 3103 prius
1722 3063 1796 3093 eas
1828 3049 2041 3092 hominum
2074 3051 2409 3103 approbationes

361 3119 404 3157 et
436 3116 584 3161 laudes
618 3125 875 3164 consecutae
909 3121 1012 3176 sint,
1045 3121 1197 3174 quibus
1229 3120 1384 3173 aliquis
1416 3124 1465 3163 ut
1495 3120 1631 3164 vitam
1663 3126 1932 3175 componeret
1965 3121 2263 3164 adduceretur.
