2774 3681
1259 285 1517 325 -8-

500 413 734 455 Exstincto
767 413 1006 467 caliginoso
1028 413 1262 455 Frontonis
1294 413 1453 455 lumine
1485 425 1579 455 cum
1611 413 1747 455 maior
1767 417 1898 465 atque
1930 414 2174 466 expeditior
2204 428 2415 469 gramma-

355 484 539 526 ticorum
571 483 812 526 studiorum
844 496 1020 537 campus
1061 488 1232 536 pateret
1273 495 1386 526 saec.
1419 482 1481 525 IV
1519 483 1786 536 maximeque
1817 483 1856 525 V
1900 483 1975 538 (ob
2008 485 2154 528 oculos
2185 491 2417 530 versentur

355 554 450 595 Ael.
484 554 702 607 DonatuS,
745 554 956 596 Helenius
987 555 1120 606 Acro,
1163 553 1362 606 Servius)
1396 553 1451 594 ad
1481 552 1512 594 J
1514 553 1741 595 uvenalem
1773 565 1940 605 quoque
1972 565 2145 606 operam
2177 556 2416 598 transferre

356 628 604 678 coeperunt.
658 624 767 668 Tum
800 625 965 668 scholia
985 627 1087 677 puto
1119 637 1211 667 eam
1245 637 1371 676 quam
1402 624 1446 667 in
1478 623 1600 667 codd.
1634 624 1681 667 P.
1705 627 1752 667 et
1772 623 1815 667 S.
1848 623 1975 666 hodie
2005 626 2218 677 praebent
2238 626 2416 670 formam

355 698 487 737 nacta
519 707 618 738 esse
651 699 697 737 et
728 695 947 738 ambitum.
1010 694 1322 737 Adiciebantur
1353 694 1464 737 enim
1496 694 1568 737 ubi
1599 694 1705 737 nihil
1738 694 2064 738 vetustissimus
2095 696 2168 739 ille
2200 697 2415 751 interpres

355 766 646 809 adnotaverat
686 770 906 821 recentes,
939 766 1069 821 aliae,
1103 766 1140 809 si
1172 778 1255 819 qua
1287 778 1357 808 res
1390 778 1473 808 non
1506 765 1815 821 conveniebat,
1857 769 1902 809 et
1937 778 2081 809 rerum
2112 770 2158 810 et
2187 769 2416 813 verborum

356 832 684 890 explicationes
747 837 857 880 Eam
898 837 1010 880 enim
1041 837 1250 879 rationem
1288 836 1510 879 invenisse
1541 836 1644 879 mihi
1676 836 1845 892 videor,
1888 849 1972 891 qua
2014 837 2240 883 diiudicari
2277 841 2416 893 possit

358 908 572 949 crebritas
605 908 884 960 varietasque
917 920 1062 949 eamm
1094 907 1442 962 explicationum,
1476 919 1584 960 quae
1616 906 1765 950 eodem
1787 907 1987 951 lemmate
2019 919 2132 952 nunc
2163 908 2207 953 in
2240 910 2414 954 scholiis

358 983 549 1031 exstant,
584 979 677 1019 sive
710 979 943 1030 colligatae
976 979 1090 1020 inter
1122 991 1167 1019 se
1191 982 1293 1019 sunt
1324 978 1550 1030 particulis
1581 984 1654 1019 aut
1678 1002 1729 1006 —
1753 985 1839 1034 aut,
1875 981 1931 1020 vel
1951 1002 2005 1007 —
2029 981 2099 1035 vel,
2133 979 2227 1022 sive
2258 981 2415 1024 nudam

356 1050 468 1092 nuda
519 1050 680 1102 excipit
722 1055 848 1103 nota,
901 1050 995 1092 sive
1040 1050 1360 1104 diversissima,
1408 1053 1456 1091 ut
1498 1050 1568 1103 fit,
1622 1050 1836 1102 permixta
1882 1055 1927 1092 et
1973 1050 2153 1093 confusa
2195 1052 2412 1107 leguntur.

355 1122 590 1163 Praeterea
622 1121 675 1162 de
706 1121 919 1174 personis,
953 1122 1005 1163 de
1038 1123 1166 1163 rebus
1199 1126 1245 1162 et
1265 1122 1453 1163 moribus
1486 1122 1642 1173 priscis
1675 1122 1916 1162 addebatur
1946 1122 2152 1173 quidquid
2183 1134 2237 1163 ex
2269 1123 2414 1165 litera-

354 1196 492 1235 torum
531 1191 769 1244 hominum,
812 1191 1020 1243 imprimis
1059 1192 1271 1245 Suetonii,
1317 1192 1654 1245 commentariis,
1697 1205 1750 1233 ex
1787 1192 1898 1233 actis
1937 1192 2122 1245 diurnis,
2168 1205 2221 1234 ex
2259 1193 2414 1235 edictis

352 1261 667 1316 imperialibus,
706 1275 759 1305 ex
792 1261 891 1304 aliis
924 1261 1115 1305 fontibus
1148 1262 1310 1305 hauriri
1341 1266 1526 1315 poterat.
1599 1263 1825 1304 Postremo
1863 1275 1957 1303 cum
1995 1262 2038 1303 in
2071 1262 2266 1305 Suetonii
2304 1264 2413 1306 libro

353 1338 398 1377 et
428 1333 523 1377 Vita
554 1338 643 1377 tum
676 1333 910 1387 legeretur,
943 1333 1036 1376 fieri
1069 1334 1195 1376 facile
1228 1333 1381 1386 potuit,
1413 1339 1462 1375 ut
1492 1333 1591 1375 inde
1624 1338 1814 1386 sumpta,
1848 1334 1885 1374 si
1917 1333 2086 1374 occasio
2118 1335 2313 1387 tulisset,
2361 1336 2414 1376 de

351 1403 570 1448 Juvenale
615 1402 709 1457 ipso
753 1403 835 1447 huc
879 1402 981 1447 illuc
1027 1404 1235 1456 quaedam
1285 1403 1624 1458 iniungerentur.
1704 1404 1865 1446 Postea
1905 1417 2009 1447 vero
2054 1417 2180 1456 quam
2224 1405 2277 1447 de
2320 1406 2415 1448 vita

350 1474 582 1520 Juvenalis
615 1474 748 1519 certis
782 1474 1038 1518 scholiorum
1079 1475 1186 1518 locis
1228 1475 1300 1518 illa
1341 1475 1618 1530 legebantur,
1660 1489 1740 1519 usu
1777 1475 1921 1529 venit,
1965 1479 2014 1518 ut
2056 1476 2110 1518 iis
2143 1475 2266 1519 libris
2309 1490 2411 1519 mss.

353 1547 425 1599 qui
458 1546 633 1589 scholiis
665 1545 870 1588 instructi
903 1552 1072 1600 essent,
1115 1546 1211 1599 ipsa
1243 1546 1336 1588 vita
1368 1546 1451 1588 iam
1490 1559 1571 1588 non
1604 1550 1913 1600 apponeretur;
1957 1550 2005 1588 at
2035 1545 2213 1599 adiungi
2246 1547 2414 1589 solebat

351 1616 523 1659 van‘ata
545 1616 760 1659 interdum
782 1619 827 1658 et
854 1615 1118 1670 interpolata
1140 1616 1209 1671 iis,
1244 1617 1316 1669 qui
1338 1616 1507 1659 omissis
1540 1616 1713 1659 scholiis
1746 1616 1904 1659 nudum
1936 1616 2201 1659 exhibebant
2231 1619 2411 1659 textum.

350 1686 587 1740 Eiusmodi,
620 1686 664 1729 ni
696 1685 836 1740 fallor,
869 1686 941 1729 ille
974 1686 1084 1729 liber
1114 1686 1212 1742 fuit,
1246 1699 1370 1740 quem
1392 1686 1577 1729 Nicaeus
1609 1701 1685 1740 pro
1717 1687 1897 1730 arbitrio
1929 1700 2006 1729 suo
2037 1686 2276 1741 recensuit;
2309 1687 2413 1730 licet

349 1757 443 1801 vita
465 1760 698 1813 exornatus
721 1757 865 1811 fuerit,
900 1757 1076 1800 scholiis
1099 1771 1183 1800 non
1205 1758 1323 1800 item.
1369 1757 1549 1800 Saeculo
1571 1762 1714 1801 autem
1736 1759 1801 1800 IX
1823 1759 2039 1801 Cornutus
2061 1759 2149 1801 tale
2171 1759 2411 1811 exemplum

347 1841 374 1871 a
405 1828 881 1882 Nicaeo‘emendatum
925 1828 994 1871 vel
1037 1828 1179 1881 potius
1226 1828 1474 1870 mendatum
1515 1828 1797 1882 ineptissimis
1836 1828 1927 1872 suis
1965 1828 2316 1872 adnotationibus
2347 1828 2410 1872 in-

349 1900 524 1943 struxit.
588 1899 657 1942 En
690 1911 766 1942 cur
797 1899 891 1942 vita
922 1899 965 1942 in
998 1899 1052 1942 iis
1085 1903 1253 1942 tantum
1286 1899 1407 1943 codd.
1432 1899 1693 1955 inveniatur,
1726 1899 1798 1953 qui
1830 1899 1867 1943 si
1899 1911 1983 1943 non
2005 1899 2202 1943 omnibus
2236 1898 2409 1943 scholiis

348 1977 541 2027 careant,
577 1970 741 2013 scholia
772 1971 1011 2024 praebeant
1033 1970 1308 2013 Cornutiana.
1363 1971 1498 2023 Atqui
1531 1970 1695 2013 duobus
1718 1970 1805 2014 illis
1837 1974 1882 2014 et
1904 1973 2051 2014 textus
2084 1974 2130 2014 et
2152 1970 2409 2014 scholiorum

347 2043 581 2096 generibus
613 2042 677 2083 ita
709 2041 875 2096 evenit,
918 2046 966 2082 ut
998 2054 1105 2083 sana
1142 2046 1288 2083 textus
1327 2042 1521 2083 recensio
1554 2054 1639 2083 una
1677 2053 1770 2083 cum
1802 2041 2024 2084 veteribus
2063 2041 2239 2084 scholiis
2274 2065 2326 2070 —
2362 2044 2410 2083 ut

345 2112 496 2156 Jahnii
534 2112 613 2154 hoc
651 2112 865 2155 monentis
904 2112 1051 2154 verbis
1092 2117 1192 2154 utar
1233 2137 1285 2142 —
1333 2113 1569 2167 „incertum
1609 2124 1690 2165 quo
1728 2124 1830 2155 casu
1869 2112 1955 2154 situ
1993 2124 2203 2165 oppressa
2241 2111 2332 2154 fere
2365 2115 2410 2155 et

346 2184 550 2237 neglecta
581 2183 765 2237 iaceret,
806 2183 947 2225 altera
979 2196 1057 2236 per
1087 2183 1271 2225 medium
1304 2196 1457 2225 aevum
1489 2196 1575 2225 una
1607 2184 1650 2225 in
1682 2183 1895 2225 hominum
1927 2183 2123 2225 manibus
2156 2186 2409 2225 versaretur

345 2254 440 2307 pari
484 2253 607 2296 modo
651 2267 702 2296 ac
744 2253 926 2308 scholia,
971 2268 1081 2306 quae
1125 2268 1151 2296 a
1182 2255 1369 2296 Cornuto
1400 2256 1598 2307 profecta
1634 2256 1823 2296 essent.“
1889 2255 2028 2297 Unum
2066 2255 2186 2296 illum
2219 2254 2408 2296 codicem

351 2339 434 2378 quo
466 2324 595 2367 Valla
638 2337 743 2367 usus
786 2328 857 2367 est
897 2324 1038 2378 ipsum
1083 2338 1248 2377 quoque
1292 2337 1435 2367 merae
1479 2328 1627 2367 textus
1666 2324 2004 2376 scholiorumque
2036 2324 2198 2377 speciei
2237 2323 2409 2366 affinem

344 2395 581 2439 verisimile
625 2398 695 2438 est
740 2394 903 2438 diutius
943 2395 988 2438 in
1029 2395 1243 2438 hominum
1294 2395 1491 2438 manibus
1533 2399 1754 2437 versatum
1797 2399 1843 2438 et
1886 2409 1969 2438 non
2013 2395 2077 2438 ita
2119 2408 2217 2438 sera
2260 2398 2407 2437 aetate

344 2465 654 2521 amplificatum
686 2478 785 2510 esse
817 2469 863 2510 et
894 2469 1080 2510 auctum.
1134 2465 1267 2509 Velut
1298 2465 1337 2509 ei
1359 2465 1454 2509 vita
1485 2477 1538 2509 ex
1561 2464 1765 2509 Suetonio
1797 2464 2050 2519 deprompta
2080 2464 2286 2509 adiuncta
2317 2467 2406 2519 est;

343 2538 532 2590 itemque
569 2541 723 2591 postea
754 2537 990 2580 Pithoeano
1028 2537 1200 2580 accidit.
1264 2536 1499 2580 Enimvero
1538 2547 1695 2579 caussa
1731 2535 2043 2580 adscribendae
2075 2535 2196 2580 vitae
2237 2534 2403 2578 aderat.

343 2608 452 2651 Nam
484 2607 820 2651 fecundissimus
851 2608 925 2650 ille
957 2608 1152 2651 Suetonii
1183 2608 1312 2663 liber,
1346 2620 1430 2661 qua
1462 2611 1559 2651 erat
1589 2607 1932 2664 opportunitate,
1977 2610 2207 2661 excerptus
2239 2608 2406 2649 mature

343 2679 570 2722 admodum
592 2683 762 2722 mutata
793 2683 839 2723 et
859 2680 1059 2723 mutilata
1080 2679 1218 2723 forma
1238 2680 1283 2724 in
1304 2680 1524 2723 rhetorum
1557 2682 1602 2722 et
1623 2678 1999 2734 grammaticorum
2032 2676 2405 2723 commentariolos

342 2763 421 2804 per
451 2751 690 2804 particulas
723 2750 914 2793 diffluere
953 2755 1169 2804 coeperat.
1232 2750 1324 2805 Quo
1364 2750 1527 2793 factum
1567 2753 1656 2804 est,
1700 2753 1749 2792 ut
1789 2750 1953 2804 pariter
1993 2762 2044 2793 ac
2075 2750 2235 2804 Probo,
2280 2760 2405 2801 quem

342 2821 471 2863 Valla
492 2821 614 2876 dicit,
647 2821 778 2863 etiam
799 2821 1038 2864 Pithoeano
1067 2821 1203 2864 codici
1243 2834 1270 2864 a
1302 2821 1510 2864 monacho
1542 2820 1688 2863 nescio
1717 2833 1799 2873 quo
1830 2821 1925 2864 vita
1955 2834 2052 2864 mox
2084 2821 2403 2875 adnecteretur‚

343 2891 410 2935 sin
442 2892 582 2935 minus
614 2904 669 2935 ex
699 2892 918 2947 Suetonio,
951 2896 999 2935 at
1029 2905 1083 2935 ex
1114 2893 1329 2936 deteriore
1361 2892 1504 2945 aliquo
1537 2892 1696 2935 codice.

483 2962 701 3017 Deinceps
733 2963 1113 3007 demonstrandum
1145 2968 1228 3019 est,
1262 2963 1461 3016 quoniam
1491 2963 1684 3007 breviter
1715 2963 1975 3017 disputando
2006 2963 2143 3006 vitam
2173 2962 2204 3005 J
2206 2960 2403 3004 uvenalis

340 3033 470 3077 aliter
499 3033 603 3077 oriri
634 3033 831 3088 potuisse
862 3034 1022 3088 negavi
1055 3034 1139 3077 nisi
1171 3046 1225 3078 ex
1256 3034 1393 3087 ipsius
1420 3033 1652 3076 Juvenalis
1686 3034 1848 3090 satiris,
1881 3046 1935 3077 ex
1966 3033 2021 3077 iis
2054 3032 2157 3077 oriri
2190 3030 2401 3085 quomodo

339 3104 542 3159 potuerit.
619 3105 764 3158 Atque
808 3104 990 3158 primum
1042 3105 1283 3160 quaeritur,
1334 3116 1418 3157 qua
1461 3103 1629 3148 ratione
1675 3104 1898 3148 inventum
1943 3103 2002 3148 sit
2045 3103 2173 3147 illud:
2228 3102 2404 3145 libertini
