<?xml version="1.0" encoding="UTF-8"?>
<!DOCTYPE html PUBLIC "-//W3C//DTD XHTML 1.0 Transitional//EN"
    "http://www.w3.org/TR/xhtml1/DTD/xhtml1-transitional.dtd">
<html xmlns="http://www.w3.org/1999/xhtml" xml:lang="en" lang="en">
 <head>
  <title>
</title>
<meta http-equiv="Content-Type" content="text/html;charset=utf-8" />
  <meta name='ocr-system' content='tesseract 3.04.00' />
  <meta name='ocr-capabilities' content='ocr_page ocr_carea ocr_par ocr_line ocrx_word'/>
</head>
<body>
  <div class='ocr_page' id='page_1' title='image "4769578_0033.png"; bbox 0 0 2774 3681; ppageno 0'>
   <div class='ocr_carea' id='block_1_1' title="bbox 0 0 755 250">
    <p class='ocr_par' dir='ltr' id='par_1_1' title="bbox 0 0 755 250">
     <span class='ocr_line' id='line_1_1' title="bbox 0 0 755 250; baseline 0 3431"><span class='ocrx_word' id='word_1_1' title='bbox 0 0 755 250; x_wconf 95' lang='lat' dir='ltr'> </span> 
     </span>
    </p>
   </div>
   <div class='ocr_carea' id='block_1_2' title="bbox 359 459 2424 3196">
    <p class='ocr_par' dir='ltr' id='par_1_2' title="bbox 359 459 2424 1925">
     <span class='ocr_line' id='line_1_2' title="bbox 362 459 2421 516; baseline -0.001 -8"><span class='ocrx_word' id='word_1_2' title='bbox 362 464 396 509; x_wconf 68' lang='lat'>1³.</span> <span class='ocrx_word' id='word_1_3' title='bbox 427 461 457 507; x_wconf 94' lang='lat' dir='ltr'>l.</span> <span class='ocrx_word' id='word_1_4' title='bbox 488 471 588 516; x_wconf 85' lang='lat' dir='ltr'>pag.</span> <span class='ocrx_word' id='word_1_5' title='bbox 624 462 674 504; x_wconf 81' lang='grc'>71</span> <span class='ocrx_word' id='word_1_6' title='bbox 711 473 807 516; x_wconf 89' lang='lat' dir='ltr'>opp.</span> <span class='ocrx_word' id='word_1_7' title='bbox 840 459 887 504; x_wconf 89' lang='lat' dir='ltr'>C.</span> <span class='ocrx_word' id='word_1_8' title='bbox 909 459 986 505; x_wconf 87' lang='lat' dir='ltr'>Fr.</span> <span class='ocrx_word' id='word_1_9' title='bbox 1009 460 1258 504; x_wconf 83' lang='lat' dir='ltr'>Hermanno</span> <span class='ocrx_word' id='word_1_10' title='bbox 1288 459 1502 504; x_wconf 80' lang='lat' dir='ltr'>zeitschr.</span> <span class='ocrx_word' id='word_1_11' title='bbox 1536 459 1566 504; x_wconf 87' lang='lat' dir='ltr'>f.</span> <span class='ocrx_word' id='word_1_12' title='bbox 1598 460 1639 503; x_wconf 89' lang='lat' dir='ltr'>d.</span> <span class='ocrx_word' id='word_1_13' title='bbox 1671 460 1762 504; x_wconf 89' lang='lat' dir='ltr'>Alt.</span> <span class='ocrx_word' id='word_1_14' title='bbox 1800 462 1911 502; x_wconf 84' lang='lat'>1844</span> <span class='ocrx_word' id='word_1_15' title='bbox 1943 473 2043 514; x_wconf 86' lang='lat' dir='ltr'>pag.</span> <span class='ocrx_word' id='word_1_16' title='bbox 2067 461 2157 515; x_wconf 80' lang='lat'>73).</span> <span class='ocrx_word' id='word_1_17' title='bbox 2219 462 2285 503; x_wconf 74' lang='lat' dir='ltr'>Ac</span> <span class='ocrx_word' id='word_1_18' title='bbox 2313 473 2421 505; x_wconf 79' lang='lat' dir='ltr'>vero</span> 
     </span>
     <span class='ocr_line' id='line_1_3' title="bbox 364 528 2423 587; baseline -0 -12"><span class='ocrx_word' id='word_1_19' title='bbox 364 528 581 586; x_wconf 85' lang='lat' dir='ltr'>Pinzgero</span> <span class='ocrx_word' id='word_1_20' title='bbox 613 530 786 586; x_wconf 87' lang='lat' dir='ltr'>(Jahrb.</span> <span class='ocrx_word' id='word_1_21' title='bbox 820 531 850 573; x_wconf 85' lang='lat' dir='ltr'>f.</span> <span class='ocrx_word' id='word_1_22' title='bbox 882 530 994 573; x_wconf 86' lang='lat' dir='ltr'><strong>Phil.</strong></span> <span class='ocrx_word' id='word_1_23' title='bbox 1032 533 1144 583; x_wconf 72' lang='grc'>1835</span> <span class='ocrx_word' id='word_1_24' title='bbox 1174 542 1276 585; x_wconf 87' lang='lat' dir='ltr'>pag.</span> <span class='ocrx_word' id='word_1_25' title='bbox 1310 531 1414 585; x_wconf 84' lang='lat'>265)</span> <span class='ocrx_word' id='word_1_26' title='bbox 1445 530 1541 573; x_wconf 79' lang='lat' dir='ltr'>vita</span> <span class='ocrx_word' id='word_1_27' title='bbox 1571 530 1634 573; x_wconf 91' lang='lat' dir='ltr'>VI</span> <span class='ocrx_word' id='word_1_28' title='bbox 1665 534 1835 574; x_wconf 89' lang='lat' dir='ltr'>tantam</span> <span class='ocrx_word' id='word_1_29' title='bbox 1867 529 2154 582; x_wconf 83' lang='lat' dir='ltr'><strong>suspicionem</strong></span> <span class='ocrx_word' id='word_1_30' title='bbox 2183 530 2340 587; x_wconf 82' lang='lat' dir='ltr'>movit,</span> <span class='ocrx_word' id='word_1_31' title='bbox 2370 534 2423 574; x_wconf 85' lang='lat' dir='ltr'>ut</span> 
     </span>
     <span class='ocr_line' id='line_1_4' title="bbox 364 600 2418 657; baseline -0.001 -9"><span class='ocrx_word' id='word_1_32' title='bbox 364 616 460 648; x_wconf 88' lang='lat' dir='ltr'>eam</span> <span class='ocrx_word' id='word_1_33' title='bbox 481 603 536 644; x_wconf 90' lang='lat' dir='ltr'>ab</span> <span class='ocrx_word' id='word_1_34' title='bbox 567 601 662 656; x_wconf 91' lang='lat' dir='ltr'>ipso</span> <span class='ocrx_word' id='word_1_35' title='bbox 684 601 935 657; x_wconf 92' lang='lat' dir='ltr'>Omnibono,</span> <span class='ocrx_word' id='word_1_36' title='bbox 969 601 1091 644; x_wconf 90' lang='lat' dir='ltr'>cuius</span> <span class='ocrx_word' id='word_1_37' title='bbox 1113 614 1137 644; x_wconf 94' lang='lat' dir='ltr'>e</span> <span class='ocrx_word' id='word_1_38' title='bbox 1159 601 1305 645; x_wconf 90' lang='lat' dir='ltr'>codice</span> <span class='ocrx_word' id='word_1_39' title='bbox 1336 601 1474 645; x_wconf 87' lang='lat' dir='ltr'>edidit</span> <span class='ocrx_word' id='word_1_40' title='bbox 1493 601 1745 657; x_wconf 83' lang='lat' dir='ltr'>Achaintre‚</span> <span class='ocrx_word' id='word_1_41' title='bbox 1779 600 2045 655; x_wconf 83' lang='lat' dir='ltr'><strong>suppositam</strong></span> <span class='ocrx_word' id='word_1_42' title='bbox 2077 614 2176 644; x_wconf 90' lang='lat' dir='ltr'>esse</span> <span class='ocrx_word' id='word_1_43' title='bbox 2206 602 2418 646; x_wconf 83' lang='lat' dir='ltr'>crederet.</span> 
     </span>
     <span class='ocr_line' id='line_1_5' title="bbox 365 670 2419 729; baseline -0 -12"><span class='ocrx_word' id='word_1_44' title='bbox 365 672 579 727; x_wconf 78' lang='lat' dir='ltr'><strong>Equidem</strong></span> <span class='ocrx_word' id='word_1_45' title='bbox 600 684 856 725; x_wconf 87' lang='lat' dir='ltr'>quamquam</span> <span class='ocrx_word' id='word_1_46' title='bbox 876 672 921 714; x_wconf 92' lang='lat' dir='ltr'>id</span> <span class='ocrx_word' id='word_1_47' title='bbox 941 672 1156 726; x_wconf 87' lang='lat' dir='ltr'>Pinzgero</span> <span class='ocrx_word' id='word_1_48' title='bbox 1188 672 1424 715; x_wconf 82' lang='lat' dir='ltr'>concedere</span> <span class='ocrx_word' id='word_1_49' title='bbox 1455 671 1616 727; x_wconf 85' lang='lat' dir='ltr'>dubito,</span> <span class='ocrx_word' id='word_1_50' title='bbox 1649 671 1923 722; x_wconf 84' lang='lat' dir='ltr'>tamen&#39;duas</span> <span class='ocrx_word' id='word_1_51' title='bbox 1950 670 2049 714; x_wconf 85' lang='lat' dir='ltr'>illas</span> <span class='ocrx_word' id='word_1_52' title='bbox 2071 671 2188 714; x_wconf 86' lang='lat' dir='ltr'>vitas</span> <span class='ocrx_word' id='word_1_53' title='bbox 2209 672 2419 729; x_wconf 87' lang='lat' dir='ltr'>omnibus,</span> 
     </span>
     <span class='ocr_line' id='line_1_6' title="bbox 367 741 2420 798; baseline 0 -12"><span class='ocrx_word' id='word_1_54' title='bbox 367 756 477 798; x_wconf 87' lang='lat' dir='ltr'>quae</span> <span class='ocrx_word' id='word_1_55' title='bbox 508 746 698 798; x_wconf 86' lang='lat' dir='ltr'>exstant,</span> <span class='ocrx_word' id='word_1_56' title='bbox 730 742 918 785; x_wconf 89' lang='lat' dir='ltr'>iuniores</span> <span class='ocrx_word' id='word_1_57' title='bbox 949 754 1049 784; x_wconf 91' lang='lat' dir='ltr'>esse</span> <span class='ocrx_word' id='word_1_58' title='bbox 1069 754 1324 795; x_wconf 90' lang='lat' dir='ltr'>persuasum</span> <span class='ocrx_word' id='word_1_59' title='bbox 1353 743 1505 796; x_wconf 89' lang='lat' dir='ltr'>habeo,</span> <span class='ocrx_word' id='word_1_60' title='bbox 1538 742 1795 794; x_wconf 88' lang='lat' dir='ltr'>praesertim</span> <span class='ocrx_word' id='word_1_61' title='bbox 1818 755 1913 785; x_wconf 90' lang='lat' dir='ltr'>cum</span> <span class='ocrx_word' id='word_1_62' title='bbox 1944 742 1989 783; x_wconf 91' lang='lat' dir='ltr'>in</span> <span class='ocrx_word' id='word_1_63' title='bbox 2010 741 2228 784; x_wconf 81' lang='lat' dir='ltr'>codicibus</span> <span class='ocrx_word' id='word_1_64' title='bbox 2248 742 2420 786; x_wconf 84' lang='lat' dir='ltr'>infimae</span> 
     </span>
     <span class='ocr_line' id='line_1_7' title="bbox 364 812 2419 869; baseline -0 -12"><span class='ocrx_word' id='word_1_65' title='bbox 364 817 494 858; x_wconf 84' lang='lat' dir='ltr'>notae</span> <span class='ocrx_word' id='word_1_66' title='bbox 521 812 737 868; x_wconf 89' lang='lat' dir='ltr'>legantur.</span> <span class='ocrx_word' id='word_1_67' title='bbox 800 812 996 855; x_wconf 80' lang='lat' dir='ltr'>Alteram</span> <span class='ocrx_word' id='word_1_68' title='bbox 1028 825 1082 855; x_wconf 84' lang='lat' dir='ltr'>ex</span> <span class='ocrx_word' id='word_1_69' title='bbox 1113 813 1253 855; x_wconf 90' lang='lat' dir='ltr'>altera</span> <span class='ocrx_word' id='word_1_70' title='bbox 1283 825 1534 866; x_wconf 81' lang='lat' dir='ltr'>expressam</span> <span class='ocrx_word' id='word_1_71' title='bbox 1565 826 1664 856; x_wconf 91' lang='lat' dir='ltr'>esse</span> <span class='ocrx_word' id='word_1_72' title='bbox 1696 812 1735 855; x_wconf 93' lang='lat' dir='ltr'>si</span> <span class='ocrx_word' id='word_1_73' title='bbox 1766 812 1862 865; x_wconf 92' lang='lat' dir='ltr'>quis</span> <span class='ocrx_word' id='word_1_74' title='bbox 1894 814 1966 855; x_wconf 83' lang='lat' dir='ltr'>vel</span> <span class='ocrx_word' id='word_1_75' title='bbox 1997 812 2138 854; x_wconf 89' lang='lat' dir='ltr'>obiter</span> <span class='ocrx_word' id='word_1_76' title='bbox 2167 813 2419 869; x_wconf 82' lang='lat' dir='ltr'>inspexerit,</span> 
     </span>
     <span class='ocr_line' id='line_1_8' title="bbox 365 872 2422 938; baseline -0.001 -11"><span class='ocrx_word' id='word_1_77' title='bbox 365 897 452 927; x_wconf 90' lang='lat' dir='ltr'>non</span> <span class='ocrx_word' id='word_1_78' title='bbox 491 885 638 937; x_wconf 88' lang='lat' dir='ltr'>potest</span> <span class='ocrx_word' id='word_1_79' title='bbox 668 882 713 925; x_wconf 92' lang='lat' dir='ltr'>in</span> <span class='ocrx_word' id='word_1_80' title='bbox 753 883 898 925; x_wconf 89' lang='lat' dir='ltr'>oculos</span> <span class='ocrx_word' id='word_1_81' title='bbox 931 895 1016 925; x_wconf 91' lang='lat' dir='ltr'>non</span> <span class='ocrx_word' id='word_1_82' title='bbox 1036 872 1289 937; x_wconf 87' lang='lat' dir='ltr'>incurrere,</span> <span class='ocrx_word' id='word_1_83' title='bbox 1330 896 1508 935; x_wconf 74' lang='lat' dir='ltr'>quarum</span> <span class='ocrx_word' id='word_1_84' title='bbox 1539 885 1639 925; x_wconf 89' lang='lat' dir='ltr'>utra</span> <span class='ocrx_word' id='word_1_85' title='bbox 1677 882 1897 935; x_wconf 78' lang='lat' dir='ltr'>antiquior</span> <span class='ocrx_word' id='word_1_86' title='bbox 1934 883 2011 938; x_wconf 91' lang='lat' dir='ltr'>sit,</span> <span class='ocrx_word' id='word_1_87' title='bbox 2055 895 2422 936; x_wconf 83' lang='lat' dir='ltr'>supervacaneum</span> 
     </span>
     <span class='ocr_line' id='line_1_9' title="bbox 366 953 2421 1008; baseline -0.001 -10"><span class='ocrx_word' id='word_1_88' title='bbox 366 957 436 999; x_wconf 89' lang='lat' dir='ltr'>est</span> <span class='ocrx_word' id='word_1_89' title='bbox 478 953 738 997; x_wconf 83' lang='lat' dir='ltr'>examinare.</span> <span class='ocrx_word' id='word_1_90' title='bbox 801 953 925 996; x_wconf 90' lang='lat' dir='ltr'>Unde</span> <span class='ocrx_word' id='word_1_91' title='bbox 969 958 1115 997; x_wconf 91' lang='lat' dir='ltr'>autem</span> <span class='ocrx_word' id='word_1_92' title='bbox 1157 957 1309 997; x_wconf 78' lang='lat' dir='ltr'>auctor</span> <span class='ocrx_word' id='word_1_93' title='bbox 1339 954 1491 997; x_wconf 90' lang='lat' dir='ltr'>Scotos</span> <span class='ocrx_word' id='word_1_94' title='bbox 1524 953 1776 1008; x_wconf 85' lang='lat' dir='ltr'>sumpserit,</span> <span class='ocrx_word' id='word_1_95' title='bbox 1821 953 1865 995; x_wconf 91' lang='lat' dir='ltr'>id</span> <span class='ocrx_word' id='word_1_96' title='bbox 1896 957 2015 995; x_wconf 88' lang='lat' dir='ltr'>recte</span> <span class='ocrx_word' id='word_1_97' title='bbox 2058 953 2143 995; x_wconf 90' lang='lat' dir='ltr'>iam</span> <span class='ocrx_word' id='word_1_98' title='bbox 2174 954 2421 996; x_wconf 80' lang='lat' dir='ltr'>Diintzerus</span> 
     </span>
     <span class='ocr_line' id='line_1_10' title="bbox 365 1022 2421 1081; baseline -0.001 -12"><span class='ocrx_word' id='word_1_99' title='bbox 365 1024 518 1081; x_wconf 85' lang='lat' dir='ltr'>(Jahn.</span> <span class='ocrx_word' id='word_1_100' title='bbox 540 1023 693 1069; x_wconf 84' lang='lat' dir='ltr'>Jahrb.</span> <span class='ocrx_word' id='word_1_101' title='bbox 718 1023 865 1078; x_wconf 88' lang='lat' dir='ltr'>Suppl.</span> <span class='ocrx_word' id='word_1_102' title='bbox 890 1026 914 1067; x_wconf 93' lang='lat'><strong>6</strong></span> <span class='ocrx_word' id='word_1_103' title='bbox 937 1036 1038 1079; x_wconf 87' lang='lat' dir='ltr'>pag.</span> <span class='ocrx_word' id='word_1_104' title='bbox 1062 1023 1168 1079; x_wconf 80' lang='lat'>378)</span> <span class='ocrx_word' id='word_1_105' title='bbox 1191 1023 1410 1079; x_wconf 86' lang='lat' dir='ltr'>cognovit,</span> <span class='ocrx_word' id='word_1_106' title='bbox 1443 1023 1515 1077; x_wconf 91' lang='lat' dir='ltr'>qui</span> <span class='ocrx_word' id='word_1_107' title='bbox 1536 1026 1688 1068; x_wconf 85' lang='lat' dir='ltr'>contra</span> <span class='ocrx_word' id='word_1_108' title='bbox 1708 1022 1973 1067; x_wconf 87' lang='lat' dir='ltr'>Franckium</span> <span class='ocrx_word' id='word_1_109' title='bbox 1994 1024 2079 1078; x_wconf 87' lang='lat' dir='ltr'>(ex.</span> <span class='ocrx_word' id='word_1_110' title='bbox 2103 1023 2199 1066; x_wconf 85' lang='lat' dir='ltr'>crit.</span> <span class='ocrx_word' id='word_1_111' title='bbox 2223 1036 2322 1078; x_wconf 85' lang='lat' dir='ltr'>pag.</span> <span class='ocrx_word' id='word_1_112' title='bbox 2347 1024 2421 1078; x_wconf 88' lang='grc'>45)</span> 
     </span>
     <span class='ocr_line' id='line_1_11' title="bbox 366 1094 2423 1150; baseline -0.001 -11"><span class='ocrx_word' id='word_1_113' title='bbox 366 1099 450 1139; x_wconf 87' lang='lat' dir='ltr'>sat.</span> <span class='ocrx_word' id='word_1_114' title='bbox 472 1095 570 1150; x_wconf 90' lang='lat' dir='ltr'>XV,</span> <span class='ocrx_word' id='word_1_115' title='bbox 608 1097 689 1136; x_wconf 84' lang='grc'>112</span> <span class='ocrx_word' id='word_1_116' title='bbox 726 1095 804 1149; x_wconf 83' lang='grc' dir='ltr'>,,ᾶο</span> <span class='ocrx_word' id='word_1_117' title='bbox 836 1094 1110 1138; x_wconf 87' lang='lat' dir='ltr'>conducendo</span> <span class='ocrx_word' id='word_1_118' title='bbox 1131 1095 1321 1148; x_wconf 86' lang='lat' dir='ltr'>loquitur</span> <span class='ocrx_word' id='word_1_119' title='bbox 1349 1095 1434 1139; x_wconf 88' lang='lat' dir='ltr'>iam</span> <span class='ocrx_word' id='word_1_120' title='bbox 1462 1095 1636 1138; x_wconf 84' lang='lat' dir='ltr'>rhetore</span> <span class='ocrx_word' id='word_1_121' title='bbox 1657 1094 1820 1138; x_wconf 81' lang='lat' dir='ltr'>Thule“</span> <span class='ocrx_word' id='word_1_122' title='bbox 1856 1094 2104 1137; x_wconf 89' lang='lat' dir='ltr'>laudantem</span> <span class='ocrx_word' id='word_1_123' title='bbox 2136 1094 2297 1138; x_wconf 85' lang='lat' dir='ltr'>maiore</span> <span class='ocrx_word' id='word_1_124' title='bbox 2327 1106 2423 1138; x_wconf 91' lang='lat' dir='ltr'>cum</span> 
     </span>
     <span class='ocr_line' id='line_1_12' title="bbox 365 1165 2423 1221; baseline 0.001 -13"><span class='ocrx_word' id='word_1_125' title='bbox 365 1166 672 1220; x_wconf 88' lang='lat' dir='ltr'>probabilitate</span> <span class='ocrx_word' id='word_1_126' title='bbox 703 1178 776 1207; x_wconf 74' lang='lat' dir='ltr'>vv,</span> <span class='ocrx_word' id='word_1_127' title='bbox 815 1169 898 1207; x_wconf 87' lang='lat' dir='ltr'>sat.</span> <span class='ocrx_word' id='word_1_128' title='bbox 930 1165 993 1221; x_wconf 85' lang='grc' dir='ltr'>Π,</span> <span class='ocrx_word' id='word_1_129' title='bbox 1038 1167 1291 1209; x_wconf 82' lang='lat'>159—161:</span> <span class='ocrx_word' id='word_1_130' title='bbox 1349 1177 1493 1220; x_wconf 87' lang='lat' dir='ltr'>„arma</span> <span class='ocrx_word' id='word_1_131' title='bbox 1536 1165 1706 1219; x_wconf 85' lang='lat' dir='ltr'>quidem</span> <span class='ocrx_word' id='word_1_132' title='bbox 1742 1165 1858 1208; x_wconf 89' lang='lat' dir='ltr'>ultra</span> <span class='ocrx_word' id='word_1_133' title='bbox 1889 1165 2042 1208; x_wconf 91' lang='lat' dir='ltr'>Litora</span> <span class='ocrx_word' id='word_1_134' title='bbox 2071 1165 2290 1210; x_wconf 89' lang='lat' dir='ltr'>Iuburnae</span> <span class='ocrx_word' id='word_1_135' title='bbox 2326 1178 2423 1221; x_wconf 87' lang='lat' dir='ltr'>pro·</span> 
     </span>
     <span class='ocr_line' id='line_1_13' title="bbox 365 1235 2424 1289; baseline 0 -10"><span class='ocrx_word' id='word_1_136' title='bbox 365 1237 576 1279; x_wconf 85' lang='lat' dir='ltr'>movimus</span> <span class='ocrx_word' id='word_1_137' title='bbox 609 1241 654 1278; x_wconf 92' lang='lat' dir='ltr'>et</span> <span class='ocrx_word' id='word_1_138' title='bbox 684 1237 806 1278; x_wconf 89' lang='lat' dir='ltr'>modo</span> <span class='ocrx_word' id='word_1_139' title='bbox 839 1240 991 1289; x_wconf 90' lang='lat' dir='ltr'>captas</span> <span class='ocrx_word' id='word_1_140' title='bbox 1023 1236 1217 1278; x_wconf 85' lang='lat' dir='ltr'>Orcadas</span> <span class='ocrx_word' id='word_1_141' title='bbox 1261 1248 1312 1279; x_wconf 90' lang='lat' dir='ltr'>ac</span> <span class='ocrx_word' id='word_1_142' title='bbox 1348 1236 1522 1278; x_wconf 86' lang='lat' dir='ltr'>minima</span> <span class='ocrx_word' id='word_1_143' title='bbox 1565 1239 1792 1278; x_wconf 90' lang='lat' dir='ltr'>contentos</span> <span class='ocrx_word' id='word_1_144' title='bbox 1839 1239 1966 1277; x_wconf 92' lang='lat' dir='ltr'>nocte</span> <span class='ocrx_word' id='word_1_145' title='bbox 1998 1235 2258 1280; x_wconf 84' lang='lat' dir='ltr'>Britannos“</span> <span class='ocrx_word' id='word_1_146' title='bbox 2305 1236 2424 1280; x_wconf 87' lang='lat' dir='ltr'>illius</span> 
     </span>
     <span class='ocr_line' id='line_1_14' title="bbox 367 1305 2424 1350; baseline 0 -1"><span class='ocrx_word' id='word_1_147' title='bbox 367 1308 641 1349; x_wconf 89' lang='lat' dir='ltr'>coniecturae</span> <span class='ocrx_word' id='word_1_148' title='bbox 674 1319 823 1348; x_wconf 89' lang='lat' dir='ltr'>ansam</span> <span class='ocrx_word' id='word_1_149' title='bbox 855 1307 1028 1348; x_wconf 82' lang='lat' dir='ltr'>dedisse</span> <span class='ocrx_word' id='word_1_150' title='bbox 1059 1307 1311 1348; x_wconf 87' lang='lat' dir='ltr'>arbitratur.</span> <span class='ocrx_word' id='word_1_151' title='bbox 1373 1306 1479 1348; x_wconf 90' lang='lat' dir='ltr'>Inde</span> <span class='ocrx_word' id='word_1_152' title='bbox 1508 1306 1540 1348; x_wconf 87' lang='lat' dir='ltr'><strong>J</strong></span> <span class='ocrx_word' id='word_1_153' title='bbox 1543 1306 1769 1347; x_wconf 85' lang='lat' dir='ltr'>uvenalem</span> <span class='ocrx_word' id='word_1_154' title='bbox 1800 1306 1845 1347; x_wconf 89' lang='lat' dir='ltr'>in</span> <span class='ocrx_word' id='word_1_155' title='bbox 1876 1306 2105 1348; x_wconf 85' lang='lat' dir='ltr'>Britannia</span> <span class='ocrx_word' id='word_1_156' title='bbox 2135 1305 2272 1349; x_wconf 86' lang='lat' dir='ltr'>fuisse</span> <span class='ocrx_word' id='word_1_157' title='bbox 2302 1306 2424 1350; x_wconf 75' lang='lat' dir='ltr'>vitae</span> 
     </span>
     <span class='ocr_line' id='line_1_15' title="bbox 366 1376 2424 1432; baseline 0 -12"><span class='ocrx_word' id='word_1_158' title='bbox 366 1381 518 1420; x_wconf 88' lang='lat' dir='ltr'>auctor</span> <span class='ocrx_word' id='word_1_159' title='bbox 538 1376 705 1431; x_wconf 74' lang='lat' dir='ltr'>effecit,</span> <span class='ocrx_word' id='word_1_160' title='bbox 737 1377 841 1419; x_wconf 89' lang='lat' dir='ltr'>mihi</span> <span class='ocrx_word' id='word_1_161' title='bbox 872 1381 1016 1419; x_wconf 89' lang='lat' dir='ltr'>autem</span> <span class='ocrx_word' id='word_1_162' title='bbox 1046 1377 1144 1430; x_wconf 92' lang='lat' dir='ltr'>ipsa</span> <span class='ocrx_word' id='word_1_163' title='bbox 1174 1389 1227 1419; x_wconf 93' lang='lat' dir='ltr'>ea</span> <span class='ocrx_word' id='word_1_164' title='bbox 1252 1378 1389 1419; x_wconf 88' lang='lat' dir='ltr'>verba</span> <span class='ocrx_word' id='word_1_165' title='bbox 1420 1376 1669 1432; x_wconf 84' lang='lat' dir='ltr'>ostendunt,</span> <span class='ocrx_word' id='word_1_166' title='bbox 1701 1389 1797 1418; x_wconf 89' lang='lat' dir='ltr'>eum</span> <span class='ocrx_word' id='word_1_167' title='bbox 1827 1376 1902 1418; x_wconf 83' lang='lat' dir='ltr'>vix</span> <span class='ocrx_word' id='word_1_168' title='bbox 1932 1389 2131 1430; x_wconf 90' lang='lat' dir='ltr'>umquam</span> <span class='ocrx_word' id='word_1_169' title='bbox 2151 1377 2424 1421; x_wconf 77' lang='lat' dir='ltr'>Britanniam</span> 
     </span>
     <span class='ocr_line' id='line_1_16' title="bbox 366 1447 2423 1502; baseline 0 -12"><span class='ocrx_word' id='word_1_170' title='bbox 366 1448 551 1502; x_wconf 82' lang='lat' dir='ltr'>vidisse,</span> <span class='ocrx_word' id='word_1_171' title='bbox 595 1461 733 1500; x_wconf 91' lang='lat' dir='ltr'>neque</span> <span class='ocrx_word' id='word_1_172' title='bbox 765 1448 878 1489; x_wconf 90' lang='lat' dir='ltr'>enim</span> <span class='ocrx_word' id='word_1_173' title='bbox 908 1460 975 1489; x_wconf 91' lang='lat' dir='ltr'>me</span> <span class='ocrx_word' id='word_1_174' title='bbox 1007 1448 1155 1490; x_wconf 85' lang='lat' dir='ltr'>audire</span> <span class='ocrx_word' id='word_1_175' title='bbox 1187 1448 1381 1501; x_wconf 88' lang='lat' dir='ltr'>memini,</span> <span class='ocrx_word' id='word_1_176' title='bbox 1425 1447 1730 1489; x_wconf 85' lang='lat' dir='ltr'>Britannorum</span> <span class='ocrx_word' id='word_1_177' title='bbox 1761 1452 1912 1489; x_wconf 90' lang='lat' dir='ltr'>noctes</span> <span class='ocrx_word' id='word_1_178' title='bbox 1950 1448 2083 1489; x_wconf 87' lang='lat' dir='ltr'>multo</span> <span class='ocrx_word' id='word_1_179' title='bbox 2123 1448 2264 1502; x_wconf 87' lang='lat' dir='ltr'>magis</span> <span class='ocrx_word' id='word_1_180' title='bbox 2296 1460 2423 1501; x_wconf 87' lang='lat' dir='ltr'>quam</span> 
     </span>
     <span class='ocr_line' id='line_1_17' title="bbox 366 1515 2423 1573; baseline 0 -11"><span class='ocrx_word' id='word_1_181' title='bbox 366 1522 541 1562; x_wconf 90' lang='lat' dir='ltr'>nostras</span> <span class='ocrx_word' id='word_1_182' title='bbox 573 1522 650 1561; x_wconf 88' lang='lat' dir='ltr'>aut</span> <span class='ocrx_word' id='word_1_183' title='bbox 681 1519 887 1561; x_wconf 90' lang='lat' dir='ltr'>Italorum</span> <span class='ocrx_word' id='word_1_184' title='bbox 919 1521 1166 1562; x_wconf 89' lang='lat' dir='ltr'>contractas</span> <span class='ocrx_word' id='word_1_185' title='bbox 1199 1532 1311 1562; x_wconf 88' lang='lat' dir='ltr'>esse.</span> <span class='ocrx_word' id='word_1_186' title='bbox 1373 1519 1506 1561; x_wconf 91' lang='lat' dir='ltr'>Immo</span> <span class='ocrx_word' id='word_1_187' title='bbox 1537 1531 1704 1573; x_wconf 86' lang='lat' dir='ltr'>vereor,</span> <span class='ocrx_word' id='word_1_188' title='bbox 1745 1515 1800 1560; x_wconf 79' lang='lat' dir='ltr'>ne</span> <span class='ocrx_word' id='word_1_189' title='bbox 1831 1518 2031 1560; x_wconf 88' lang='lat' dir='ltr'>Britanni</span> <span class='ocrx_word' id='word_1_190' title='bbox 2067 1518 2266 1572; x_wconf 89' lang='lat' dir='ltr'>„minima</span> <span class='ocrx_word' id='word_1_191' title='bbox 2296 1522 2423 1562; x_wconf 91' lang='lat' dir='ltr'>nocte</span> 
     </span>
     <span class='ocr_line' id='line_1_18' title="bbox 368 1589 2423 1645; baseline 0 -12"><span class='ocrx_word' id='word_1_192' title='bbox 368 1589 587 1633; x_wconf 88' lang='lat' dir='ltr'>contenti“</span> <span class='ocrx_word' id='word_1_193' title='bbox 625 1589 828 1632; x_wconf 91' lang='lat' dir='ltr'>simillimi</span> <span class='ocrx_word' id='word_1_194' title='bbox 862 1589 950 1632; x_wconf 92' lang='lat' dir='ltr'>sint</span> <span class='ocrx_word' id='word_1_195' title='bbox 982 1589 1045 1632; x_wconf 92' lang='lat' dir='ltr'>eis</span> <span class='ocrx_word' id='word_1_196' title='bbox 1077 1589 1413 1644; x_wconf 83' lang='lat' dir='ltr'>Hyperboraeis,</span> <span class='ocrx_word' id='word_1_197' title='bbox 1446 1589 1500 1633; x_wconf 88' lang='lat' dir='ltr'>de</span> <span class='ocrx_word' id='word_1_198' title='bbox 1531 1589 1686 1642; x_wconf 90' lang='lat' dir='ltr'>quibus</span> <span class='ocrx_word' id='word_1_199' title='bbox 1718 1589 1828 1632; x_wconf 89' lang='lat' dir='ltr'>Plin.</span> <span class='ocrx_word' id='word_1_200' title='bbox 1852 1589 1907 1632; x_wconf 88' lang='lat' dir='ltr'>H.</span> <span class='ocrx_word' id='word_1_201' title='bbox 1931 1589 1983 1632; x_wconf 91' lang='lat' dir='ltr'>N.</span> <span class='ocrx_word' id='word_1_202' title='bbox 2010 1589 2065 1645; x_wconf 86' lang='grc' dir='ltr'>Π,</span> <span class='ocrx_word' id='word_1_203' title='bbox 2100 1591 2154 1631; x_wconf 88' lang='grc'>89</span> <span class='ocrx_word' id='word_1_204' title='bbox 2187 1590 2423 1634; x_wconf 86' lang='lat' dir='ltr'>fabulatur.</span> 
     </span>
     <span class='ocr_line' id='line_1_19' title="bbox 367 1660 2423 1716; baseline 0 -13"><span class='ocrx_word' id='word_1_205' title='bbox 367 1662 477 1703; x_wconf 89' lang='lat' dir='ltr'>Nam</span> <span class='ocrx_word' id='word_1_206' title='bbox 509 1661 640 1703; x_wconf 90' lang='lat' dir='ltr'>etiam</span> <span class='ocrx_word' id='word_1_207' title='bbox 673 1662 751 1702; x_wconf 92' lang='lat' dir='ltr'>sub</span> <span class='ocrx_word' id='word_1_208' title='bbox 784 1661 1116 1713; x_wconf 89' lang='lat' dir='ltr'>imperatoribus</span> <span class='ocrx_word' id='word_1_209' title='bbox 1147 1662 1348 1716; x_wconf 86' lang='lat' dir='ltr'>regiones</span> <span class='ocrx_word' id='word_1_210' title='bbox 1394 1661 1757 1714; x_wconf 89' lang='lat' dir='ltr'>septentrionales</span> <span class='ocrx_word' id='word_1_211' title='bbox 1789 1660 1995 1702; x_wconf 90' lang='lat' dir='ltr'>Romanis</span> <span class='ocrx_word' id='word_1_212' title='bbox 2040 1672 2191 1713; x_wconf 89' lang='lat' dir='ltr'>parum</span> <span class='ocrx_word' id='word_1_213' title='bbox 2223 1660 2423 1714; x_wconf 86' lang='lat' dir='ltr'>cognitas</span> 
     </span>
     <span class='ocr_line' id='line_1_20' title="bbox 366 1727 2422 1786; baseline 0.001 -14"><span class='ocrx_word' id='word_1_214' title='bbox 366 1732 502 1773; x_wconf 90' lang='lat' dir='ltr'>fuisse</span> <span class='ocrx_word' id='word_1_215' title='bbox 534 1734 682 1772; x_wconf 90' lang='lat' dir='ltr'>notum</span> <span class='ocrx_word' id='word_1_216' title='bbox 713 1735 795 1786; x_wconf 87' lang='lat' dir='ltr'>est,</span> <span class='ocrx_word' id='word_1_217' title='bbox 838 1731 892 1774; x_wconf 87' lang='lat' dir='ltr'>cf.</span> <span class='ocrx_word' id='word_1_218' title='bbox 926 1732 1028 1774; x_wconf 86' lang='lat' dir='ltr'>Tac.</span> <span class='ocrx_word' id='word_1_219' title='bbox 1062 1732 1207 1775; x_wconf 83' lang='lat' dir='ltr'>Germ.</span> <span class='ocrx_word' id='word_1_220' title='bbox 1250 1745 1285 1774; x_wconf 91' lang='lat' dir='ltr'>c.</span> <span class='ocrx_word' id='word_1_221' title='bbox 1318 1734 1375 1774; x_wconf 85' lang='lat'>45</span> <span class='ocrx_word' id='word_1_222' title='bbox 1419 1736 1465 1774; x_wconf 92' lang='lat' dir='ltr'>et</span> <span class='ocrx_word' id='word_1_223' title='bbox 1495 1732 1609 1773; x_wconf 86' lang='lat' dir='ltr'>Plut.</span> <span class='ocrx_word' id='word_1_224' title='bbox 1655 1731 1707 1773; x_wconf 89' lang='lat' dir='ltr'>de</span> <span class='ocrx_word' id='word_1_225' title='bbox 1739 1730 1824 1773; x_wconf 89' lang='lat' dir='ltr'>def.</span> <span class='ocrx_word' id='word_1_226' title='bbox 1872 1742 1987 1772; x_wconf 90' lang='lat' dir='ltr'>orac.</span> <span class='ocrx_word' id='word_1_227' title='bbox 2033 1742 2070 1772; x_wconf 91' lang='grc'>0.</span> <span class='ocrx_word' id='word_1_228' title='bbox 2107 1732 2160 1771; x_wconf 86' lang='grc'>18</span> <span class='ocrx_word' id='word_1_229' title='bbox 2201 1742 2302 1785; x_wconf 85' lang='lat' dir='ltr'>pag.</span> <span class='ocrx_word' id='word_1_230' title='bbox 2335 1727 2422 1774; x_wconf 80' lang='lat'>419</span> 
     </span>
     <span class='ocr_line' id='line_1_21' title="bbox 359 1795 2422 1857; baseline 0 -13"><span class='ocrx_word' id='word_1_231' title='bbox 359 1802 427 1857; x_wconf 62' lang='lat' dir='ltr'>F„</span> <span class='ocrx_word' id='word_1_232' title='bbox 458 1801 689 1844; x_wconf 84' lang='lat' dir='ltr'>Juvenalis</span> <span class='ocrx_word' id='word_1_233' title='bbox 732 1806 899 1855; x_wconf 86' lang='lat' dir='ltr'>autem,</span> <span class='ocrx_word' id='word_1_234' title='bbox 948 1803 985 1844; x_wconf 91' lang='lat' dir='ltr'>si</span> <span class='ocrx_word' id='word_1_235' title='bbox 1028 1815 1228 1854; x_wconf 90' lang='lat' dir='ltr'>umquam</span> <span class='ocrx_word' id='word_1_236' title='bbox 1271 1803 1315 1844; x_wconf 91' lang='lat' dir='ltr'>in</span> <span class='ocrx_word' id='word_1_237' title='bbox 1360 1802 1589 1844; x_wconf 79' lang='lat' dir='ltr'>Britannia</span> <span class='ocrx_word' id='word_1_238' title='bbox 1619 1801 1796 1857; x_wconf 81' lang='lat' dir='ltr'>fuisset,</span> <span class='ocrx_word' id='word_1_239' title='bbox 1844 1801 1994 1842; x_wconf 90' lang='lat' dir='ltr'>talium</span> <span class='ocrx_word' id='word_1_240' title='bbox 2041 1801 2094 1843; x_wconf 92' lang='lat' dir='ltr'>de</span> <span class='ocrx_word' id='word_1_241' title='bbox 2137 1813 2191 1843; x_wconf 89' lang='lat' dir='ltr'>ea</span> <span class='ocrx_word' id='word_1_242' title='bbox 2230 1795 2422 1845; x_wconf 82' lang='lat' dir='ltr'>errorum</span> 
     </span>
     <span class='ocr_line' id='line_1_22' title="bbox 359 1871 1156 1925; baseline 0.001 -11"><span class='ocrx_word' id='word_1_243' title='bbox 359 1871 702 1925; x_wconf 88' lang='lat' dir='ltr'>fabellarumque</span> <span class='ocrx_word' id='word_1_244' title='bbox 735 1872 876 1915; x_wconf 88' lang='lat' dir='ltr'>socius</span> <span class='ocrx_word' id='word_1_245' title='bbox 908 1885 993 1916; x_wconf 92' lang='lat' dir='ltr'>non</span> <span class='ocrx_word' id='word_1_246' title='bbox 1024 1876 1156 1915; x_wconf 89' lang='lat' dir='ltr'>esset.</span> 
     </span>
    </p>

    <p class='ocr_par' dir='ltr' id='par_1_3' title="bbox 366 1942 2420 2138">
     <span class='ocr_line' id='line_1_23' title="bbox 502 1942 2420 1997; baseline 0.001 -12"><span class='ocrx_word' id='word_1_247' title='bbox 502 1942 587 1985; x_wconf 88' lang='lat' dir='ltr'>Sed</span> <span class='ocrx_word' id='word_1_248' title='bbox 609 1942 811 1984; x_wconf 88' lang='lat' dir='ltr'>eximium</span> <span class='ocrx_word' id='word_1_249' title='bbox 843 1943 962 1985; x_wconf 87' lang='lat' dir='ltr'>exilii</span> <span class='ocrx_word' id='word_1_250' title='bbox 984 1943 1144 1985; x_wconf 87' lang='lat' dir='ltr'>Scotici</span> <span class='ocrx_word' id='word_1_251' title='bbox 1164 1943 1368 1985; x_wconf 89' lang='lat' dir='ltr'>indicium</span> <span class='ocrx_word' id='word_1_252' title='bbox 1390 1944 1664 1985; x_wconf 87' lang='lat' dir='ltr'>Hermannus</span> <span class='ocrx_word' id='word_1_253' title='bbox 1696 1943 1740 1984; x_wconf 90' lang='lat' dir='ltr'>in</span> <span class='ocrx_word' id='word_1_254' title='bbox 1762 1942 1897 1996; x_wconf 88' lang='lat' dir='ltr'>praef.</span> <span class='ocrx_word' id='word_1_255' title='bbox 1922 1943 1987 1985; x_wconf 88' lang='lat' dir='ltr'>ed.</span> <span class='ocrx_word' id='word_1_256' title='bbox 2010 1955 2110 1996; x_wconf 86' lang='lat' dir='ltr'>pag.</span> <span class='ocrx_word' id='word_1_257' title='bbox 2134 1943 2226 1986; x_wconf 90' lang='lat' dir='ltr'>VII.</span> <span class='ocrx_word' id='word_1_258' title='bbox 2240 1943 2420 1997; x_wconf 82' lang='lat' dir='ltr'>inscrip-</span> 
     </span>
     <span class='ocr_line' id='line_1_24' title="bbox 366 2013 2419 2067; baseline 0 -11"><span class='ocrx_word' id='word_1_259' title='bbox 366 2013 484 2056; x_wconf 90' lang='lat' dir='ltr'>tione</span> <span class='ocrx_word' id='word_1_260' title='bbox 516 2014 662 2066; x_wconf 89' lang='lat' dir='ltr'>aliqua</span> <span class='ocrx_word' id='word_1_261' title='bbox 693 2014 852 2066; x_wconf 88' lang='lat' dir='ltr'>Aquini</span> <span class='ocrx_word' id='word_1_262' title='bbox 884 2015 1065 2057; x_wconf 88' lang='lat' dir='ltr'>inventa</span> <span class='ocrx_word' id='word_1_263' title='bbox 1097 2013 1364 2066; x_wconf 89' lang='lat' dir='ltr'>suppeditari</span> <span class='ocrx_word' id='word_1_264' title='bbox 1402 2014 1587 2067; x_wconf 86' lang='lat' dir='ltr'>putavit.</span> <span class='ocrx_word' id='word_1_265' title='bbox 1657 2013 1840 2067; x_wconf 90' lang='lat' dir='ltr'>Legitur</span> <span class='ocrx_word' id='word_1_266' title='bbox 1881 2026 1933 2054; x_wconf 91' lang='lat' dir='ltr'>ea</span> <span class='ocrx_word' id='word_1_267' title='bbox 1972 2014 2016 2054; x_wconf 90' lang='lat' dir='ltr'>in</span> <span class='ocrx_word' id='word_1_268' title='bbox 2047 2014 2318 2057; x_wconf 88' lang='lat' dir='ltr'>Mommsenii</span> <span class='ocrx_word' id='word_1_269' title='bbox 2349 2015 2419 2057; x_wconf 91' lang='lat' dir='ltr'>In-</span> 
     </span>
     <span class='ocr_line' id='line_1_25' title="bbox 366 2084 2314 2138; baseline 0 -11"><span class='ocrx_word' id='word_1_270' title='bbox 366 2084 536 2138; x_wconf 89' lang='lat' dir='ltr'>scriptt.</span> <span class='ocrx_word' id='word_1_271' title='bbox 569 2084 710 2138; x_wconf 84' lang='lat' dir='ltr'>Regu.</span> <span class='ocrx_word' id='word_1_272' title='bbox 743 2085 877 2137; x_wconf 88' lang='lat' dir='ltr'>Neap.</span> <span class='ocrx_word' id='word_1_273' title='bbox 912 2087 1027 2127; x_wconf 81' lang='lat'>4312</span> <span class='ocrx_word' id='word_1_274' title='bbox 1060 2085 1144 2127; x_wconf 89' lang='lat' dir='ltr'>sic:</span> <span class='ocrx_word' id='word_1_275' title='bbox 2312 2098 2314 2100; x_wconf 70' lang='grc'>’</span> 
     </span>
    </p>

    <p class='ocr_par' dir='ltr' id='par_1_4' title="bbox 363 2154 2422 3196">
     <span class='ocr_line' id='line_1_26' title="bbox 1184 2154 1608 2197; baseline -0.002 0"><span class='ocrx_word' id='word_1_276' title='bbox 1184 2154 1340 2197; x_wconf 87' lang='lat' dir='ltr'>cereRi</span> <span class='ocrx_word' id='word_1_277' title='bbox 1372 2154 1608 2197; x_wconf 87' lang='lat' dir='ltr'><strong>SACRVM</strong></span> 
     </span>
     <span class='ocr_line' id='line_1_27' title="bbox 1086 2224 1700 2268; baseline 0 -1"><span class='ocrx_word' id='word_1_278' title='bbox 1086 2225 1126 2268; x_wconf 92' lang='lat' dir='ltr'>d.</span> <span class='ocrx_word' id='word_1_279' title='bbox 1160 2224 1340 2268; x_wconf 86' lang='lat' dir='ltr'>iuNIVS</span> <span class='ocrx_word' id='word_1_280' title='bbox 1370 2224 1700 2268; x_wconf 87' lang='lat' dir='ltr'><strong>JVVENALIS</strong></span> 
     </span>
     <span class='ocr_line' id='line_1_28' title="bbox 1004 2295 1782 2338; baseline -0.001 0"><span class='ocrx_word' id='word_1_281' title='bbox 1004 2296 1116 2338; x_wconf 90' lang='lat' dir='ltr'>tRIb</span> <span class='ocrx_word' id='word_1_282' title='bbox 1148 2295 1278 2338; x_wconf 86' lang='lat' dir='ltr'>COH.</span> <span class='ocrx_word' id='word_1_283' title='bbox 1311 2296 1334 2338; x_wconf 93' lang='lat' dir='ltr'>I</span> <span class='ocrx_word' id='word_1_284' title='bbox 1364 2295 1782 2338; x_wconf 87' lang='lat' dir='ltr'><strong>DELMATARVM</strong></span> 
     </span>
     <span class='ocr_line' id='line_1_29' title="bbox 1064 2365 1721 2421; baseline 0.002 -13"><span class='ocrx_word' id='word_1_285' title='bbox 1064 2365 1213 2408; x_wconf 85' lang='lat' dir='ltr'><strong>IIVIR</strong></span> <span class='ocrx_word' id='word_1_286' title='bbox 1244 2365 1438 2421; x_wconf 77' lang='lat' dir='ltr'>QVINQ.</span> <span class='ocrx_word' id='word_1_287' title='bbox 1472 2365 1721 2409; x_wconf 85' lang='lat' dir='ltr'>FLAMEN</span> 
     </span>
     <span class='ocr_line' id='line_1_30' title="bbox 1143 2437 1643 2481; baseline 0 -2"><span class='ocrx_word' id='word_1_288' title='bbox 1143 2437 1272 2479; x_wconf 93' lang='lat' dir='ltr'><strong>DIVI</strong></span> <span class='ocrx_word' id='word_1_289' title='bbox 1291 2437 1643 2481; x_wconf 85' lang='lat' dir='ltr'>VESPASIANI</span> 
     </span>
     <span class='ocr_line' id='line_1_31' title="bbox 1079 2507 1700 2562; baseline 0.002 -13"><span class='ocrx_word' id='word_1_290' title='bbox 1079 2507 1259 2549; x_wconf 86' lang='lat' dir='ltr'><strong>VOVIT</strong></span> <span class='ocrx_word' id='word_1_291' title='bbox 1290 2507 1700 2562; x_wconf 86' lang='lat' dir='ltr'>DEDICAVithE</span> 
     </span>
     <span class='ocr_line' id='line_1_32' title="bbox 1175 2578 1869 2628; baseline 0 -9"><span class='ocrx_word' id='word_1_292' title='bbox 1175 2578 1287 2619; x_wconf 87' lang='lat' dir='ltr'>SVA</span> <span class='ocrx_word' id='word_1_293' title='bbox 1501 2579 1613 2620; x_wconf 85' lang='lat' dir='ltr'>PEC</span> <span class='ocrx_word' id='word_1_294' title='bbox 1866 2626 1869 2628; x_wconf 48' lang='grc'>,</span> 
     </span>
     <span class='ocr_line' id='line_1_33' title="bbox 363 2646 2417 2702; baseline -0.001 -12"><span class='ocrx_word' id='word_1_295' title='bbox 363 2646 500 2690; x_wconf 76' lang='lat' dir='ltr'>Miror</span> <span class='ocrx_word' id='word_1_296' title='bbox 532 2647 743 2701; x_wconf 87' lang='lat' dir='ltr'>equidem,</span> <span class='ocrx_word' id='word_1_297' title='bbox 788 2648 901 2699; x_wconf 90' lang='lat' dir='ltr'>quod</span> <span class='ocrx_word' id='word_1_298' title='bbox 932 2661 986 2690; x_wconf 85' lang='lat' dir='ltr'>ex</span> <span class='ocrx_word' id='word_1_299' title='bbox 1018 2661 1099 2699; x_wconf 94' lang='lat' dir='ltr'>quo</span> <span class='ocrx_word' id='word_1_300' title='bbox 1131 2651 1323 2700; x_wconf 91' lang='lat' dir='ltr'>tempore</span> <span class='ocrx_word' id='word_1_301' title='bbox 1354 2648 1425 2689; x_wconf 93' lang='lat' dir='ltr'>hic</span> <span class='ocrx_word' id='word_1_302' title='bbox 1456 2648 1610 2689; x_wconf 89' lang='lat' dir='ltr'>titulus</span> <span class='ocrx_word' id='word_1_303' title='bbox 1642 2653 1770 2689; x_wconf 90' lang='lat' dir='ltr'>notus</span> <span class='ocrx_word' id='word_1_304' title='bbox 1802 2654 1892 2702; x_wconf 89' lang='lat' dir='ltr'>est,</span> <span class='ocrx_word' id='word_1_305' title='bbox 1936 2652 2060 2688; x_wconf 89' lang='lat' dir='ltr'>tanta</span> <span class='ocrx_word' id='word_1_306' title='bbox 2090 2648 2131 2688; x_wconf 92' lang='lat' dir='ltr'>ei</span> <span class='ocrx_word' id='word_1_307' title='bbox 2163 2660 2332 2699; x_wconf 86' lang='lat' dir='ltr'>semper</span> <span class='ocrx_word' id='word_1_308' title='bbox 2361 2649 2417 2689; x_wconf 88' lang='lat' dir='ltr'>ab</span> 
     </span>
     <span class='ocr_line' id='line_1_34' title="bbox 364 2716 2419 2772; baseline 0 -13"><span class='ocrx_word' id='word_1_309' title='bbox 364 2716 575 2772; x_wconf 91' lang='lat' dir='ltr'>omnibus,</span> <span class='ocrx_word' id='word_1_310' title='bbox 594 2717 736 2770; x_wconf 89' lang='lat' dir='ltr'>quide</span> <span class='ocrx_word' id='word_1_311' title='bbox 749 2717 844 2761; x_wconf 79' lang='lat' dir='ltr'>vita</span> <span class='ocrx_word' id='word_1_312' title='bbox 856 2717 887 2761; x_wconf 87' lang='lat' dir='ltr'><strong>J</strong></span> <span class='ocrx_word' id='word_1_313' title='bbox 889 2718 1086 2761; x_wconf 87' lang='lat' dir='ltr'>uvenalis</span> <span class='ocrx_word' id='word_1_314' title='bbox 1102 2717 1384 2772; x_wconf 80' lang='lat' dir='ltr'>scripserunt,</span> <span class='ocrx_word' id='word_1_315' title='bbox 1400 2717 1470 2759; x_wconf 88' lang='lat' dir='ltr'>vis</span> <span class='ocrx_word' id='word_1_316' title='bbox 1487 2718 1694 2759; x_wconf 83' lang='lat' dir='ltr'>tribuitur</span> <span class='ocrx_word' id='word_1_317' title='bbox 1709 2722 1839 2770; x_wconf 90' lang='lat' dir='ltr'>atque</span> <span class='ocrx_word' id='word_1_318' title='bbox 1856 2718 2105 2759; x_wconf 77' lang='lat' dir='ltr'>auctoritas.</span> <span class='ocrx_word' id='word_1_319' title='bbox 2128 2717 2419 2760; x_wconf 85' lang='lat' dir='ltr'>Vehementer</span> 
     </span>
     <span class='ocr_line' id='line_1_35' title="bbox 364 2786 2417 2844; baseline 0.001 -15"><span class='ocrx_word' id='word_1_320' title='bbox 364 2786 559 2842; x_wconf 83' lang='lat' dir='ltr'>profecto</span> <span class='ocrx_word' id='word_1_321' title='bbox 590 2788 631 2832; x_wconf 91' lang='lat' dir='ltr'>ei</span> <span class='ocrx_word' id='word_1_322' title='bbox 662 2788 707 2833; x_wconf 91' lang='lat' dir='ltr'>in</span> <span class='ocrx_word' id='word_1_323' title='bbox 739 2788 968 2832; x_wconf 87' lang='lat' dir='ltr'>dialectica</span> <span class='ocrx_word' id='word_1_324' title='bbox 997 2792 1194 2842; x_wconf 91' lang='lat' dir='ltr'>peccant.</span> <span class='ocrx_word' id='word_1_325' title='bbox 1256 2788 1364 2832; x_wconf 89' lang='lat' dir='ltr'>Nam</span> <span class='ocrx_word' id='word_1_326' title='bbox 1397 2801 1676 2842; x_wconf 90' lang='lat' dir='ltr'>quaecunque</span> <span class='ocrx_word' id='word_1_327' title='bbox 1707 2789 1806 2832; x_wconf 89' lang='lat' dir='ltr'>inde</span> <span class='ocrx_word' id='word_1_328' title='bbox 1837 2789 1945 2831; x_wconf 91' lang='lat' dir='ltr'>fiunt</span> <span class='ocrx_word' id='word_1_329' title='bbox 1975 2788 2292 2843; x_wconf 87' lang='lat' dir='ltr'>conclusiones,</span> <span class='ocrx_word' id='word_1_330' title='bbox 2323 2801 2417 2844; x_wconf 84' lang='lat' dir='ltr'>eae,</span> 
     </span>
     <span class='ocr_line' id='line_1_36' title="bbox 366 2859 2420 2915; baseline 0.002 -16"><span class='ocrx_word' id='word_1_331' title='bbox 366 2869 460 2900; x_wconf 91' lang='lat' dir='ltr'>cum</span> <span class='ocrx_word' id='word_1_332' title='bbox 491 2860 714 2913; x_wconf 89' lang='lat' dir='ltr'>proposita</span> <span class='ocrx_word' id='word_1_333' title='bbox 745 2860 905 2914; x_wconf 90' lang='lat' dir='ltr'>absint,</span> <span class='ocrx_word' id='word_1_334' title='bbox 938 2859 1182 2903; x_wconf 87' lang='lat' dir='ltr'>disserendi</span> <span class='ocrx_word' id='word_1_335' title='bbox 1213 2859 1433 2915; x_wconf 89' lang='lat' dir='ltr'>elegantia</span> <span class='ocrx_word' id='word_1_336' title='bbox 1454 2864 1617 2903; x_wconf 87' lang='lat' dir='ltr'>carent.</span> <span class='ocrx_word' id='word_1_337' title='bbox 1670 2860 1781 2914; x_wconf 79' lang='lat' dir='ltr'>Quid</span> <span class='ocrx_word' id='word_1_338' title='bbox 1802 2860 1913 2902; x_wconf 92' lang='lat' dir='ltr'>enim</span> <span class='ocrx_word' id='word_1_339' title='bbox 1927 2861 1947 2901; x_wconf 70' lang='grc' dir='ltr'><em>Ρ</em></span> <span class='ocrx_word' id='word_1_340' title='bbox 1979 2859 2123 2902; x_wconf 84' lang='lat' dir='ltr'>Verba</span> <span class='ocrx_word' id='word_1_341' title='bbox 2145 2859 2183 2902; x_wconf 88' lang='lat' dir='ltr'>si</span> <span class='ocrx_word' id='word_1_342' title='bbox 2213 2863 2420 2903; x_wconf 83' lang='lat' dir='ltr'>accurate</span> 
     </span>
     <span class='ocr_line' id='line_1_37' title="bbox 365 2927 2420 2986; baseline 0.002 -17"><span class='ocrx_word' id='word_1_343' title='bbox 365 2927 617 2982; x_wconf 87' lang='lat' dir='ltr'>inspicimus</span> <span class='ocrx_word' id='word_1_344' title='bbox 632 2964 643 2985; x_wconf 93' lang='lat'>,</span> <span class='ocrx_word' id='word_1_345' title='bbox 689 2930 896 2983; x_wconf 90' lang='lat' dir='ltr'>quomodo</span> <span class='ocrx_word' id='word_1_346' title='bbox 927 2934 1057 2984; x_wconf 88' lang='lat' dir='ltr'>poeta</span> <span class='ocrx_word' id='word_1_347' title='bbox 1088 2930 1267 2986; x_wconf 89' lang='lat' dir='ltr'>dicitur,</span> <span class='ocrx_word' id='word_1_348' title='bbox 1311 2943 1406 2973; x_wconf 91' lang='lat' dir='ltr'>cum</span> <span class='ocrx_word' id='word_1_349' title='bbox 1446 2929 1601 2973; x_wconf 90' lang='lat' dir='ltr'>flamen</span> <span class='ocrx_word' id='word_1_350' title='bbox 1644 2931 1915 2973; x_wconf 77' lang='lat' dir='ltr'>nominatur?</span> <span class='ocrx_word' id='word_1_351' title='bbox 1965 2930 2035 2973; x_wconf 88' lang='lat' dir='ltr'>An</span> <span class='ocrx_word' id='word_1_352' title='bbox 2064 2941 2188 2972; x_wconf 90' lang='lat' dir='ltr'>nemo</span> <span class='ocrx_word' id='word_1_353' title='bbox 2218 2942 2420 2983; x_wconf 89' lang='lat' dir='ltr'>umquam</span> 
     </span>
     <span class='ocr_line' id='line_1_38' title="bbox 363 2997 2420 3054; baseline 0.002 -15"><span class='ocrx_word' id='word_1_354' title='bbox 363 2997 525 3050; x_wconf 88' lang='lat' dir='ltr'>Aquini</span> <span class='ocrx_word' id='word_1_355' title='bbox 554 3000 784 3043; x_wconf 85' lang='lat' dir='ltr'>Juvenalis</span> <span class='ocrx_word' id='word_1_356' title='bbox 815 3001 1055 3044; x_wconf 83' lang='lat' dir='ltr'>vocabatur</span> <span class='ocrx_word' id='word_1_357' title='bbox 1084 3001 1170 3044; x_wconf 91' lang='lat' dir='ltr'>nisi</span> <span class='ocrx_word' id='word_1_358' title='bbox 1200 2999 1330 3054; x_wconf 78' lang='lat' dir='ltr'>peeta</span> <span class='ocrx_word' id='word_1_359' title='bbox 1359 3001 1465 3043; x_wconf 89' lang='lat' dir='ltr'>Dec.</span> <span class='ocrx_word' id='word_1_360' title='bbox 1488 3002 1590 3043; x_wconf 86' lang='lat' dir='ltr'>Jun.</span> <span class='ocrx_word' id='word_1_361' title='bbox 1612 3001 1871 3043; x_wconf 78' lang='lat' dir='ltr'>Juvenalis?</span> <span class='ocrx_word' id='word_1_362' title='bbox 1922 3000 2187 3042; x_wconf 87' lang='lat' dir='ltr'>Praenomen</span> <span class='ocrx_word' id='word_1_363' title='bbox 2218 3000 2264 3042; x_wconf 92' lang='lat' dir='ltr'>in</span> <span class='ocrx_word' id='word_1_364' title='bbox 2290 3000 2420 3044; x_wconf 85' lang='lat' dir='ltr'>titulo</span> 
     </span>
     <span class='ocr_line' id='line_1_39' title="bbox 365 3067 2419 3126; baseline 0.002 -17"><span class='ocrx_word' id='word_1_365' title='bbox 365 3067 503 3111; x_wconf 88' lang='lat' dir='ltr'>deest.</span> <span class='ocrx_word' id='word_1_366' title='bbox 555 3069 736 3124; x_wconf 79' lang='lat' dir='ltr'>Quando</span> <span class='ocrx_word' id='word_1_367' title='bbox 758 3071 947 3124; x_wconf 88' lang='lat' dir='ltr'>scriptus</span> <span class='ocrx_word' id='word_1_368' title='bbox 971 3072 1043 3126; x_wconf 82' lang='lat' dir='ltr'>sit,</span> <span class='ocrx_word' id='word_1_369' title='bbox 1075 3072 1172 3124; x_wconf 89' lang='lat' dir='ltr'>quis</span> <span class='ocrx_word' id='word_1_370' title='bbox 1193 3075 1263 3114; x_wconf 91' lang='lat' dir='ltr'>est</span> <span class='ocrx_word' id='word_1_371' title='bbox 1287 3072 1360 3125; x_wconf 92' lang='lat' dir='ltr'>qui</span> <span class='ocrx_word' id='word_1_372' title='bbox 1381 3069 1591 3114; x_wconf 89' lang='lat' dir='ltr'>affirmare</span> <span class='ocrx_word' id='word_1_373' title='bbox 1612 3072 1751 3113; x_wconf 79' lang='lat' dir='ltr'>velit?</span> <span class='ocrx_word' id='word_1_374' title='bbox 1793 3071 1912 3124; x_wconf 87' lang='lat' dir='ltr'>Ergo</span> <span class='ocrx_word' id='word_1_375' title='bbox 1934 3070 2035 3122; x_wconf 88' lang='lat' dir='ltr'>quid</span> <span class='ocrx_word' id='word_1_376' title='bbox 2056 3070 2157 3112; x_wconf 89' lang='lat' dir='ltr'>inde</span> <span class='ocrx_word' id='word_1_377' title='bbox 2184 3070 2419 3113; x_wconf 87' lang='lat' dir='ltr'>efficiamus</span> 
     </span>
     <span class='ocr_line' id='line_1_40' title="bbox 365 3137 2422 3196; baseline 0.002 -16"><span class='ocrx_word' id='word_1_378' title='bbox 365 3137 419 3181; x_wconf 90' lang='lat' dir='ltr'>de</span> <span class='ocrx_word' id='word_1_379' title='bbox 449 3138 667 3185; x_wconf 83' lang='lat' dir='ltr'>Juvenale</span> <span class='ocrx_word' id='word_1_380' title='bbox 698 3144 858 3195; x_wconf 78' lang='lat' dir='ltr'>poeta?</span> <span class='ocrx_word' id='word_1_381' title='bbox 921 3142 1159 3186; x_wconf 83' lang='lat' dir='ltr'>Praeterea</span> <span class='ocrx_word' id='word_1_382' title='bbox 1188 3142 1505 3185; x_wconf 82' lang='lat' dir='ltr'>observandum</span> <span class='ocrx_word' id='word_1_383' title='bbox 1537 3148 1605 3185; x_wconf 87' lang='lat' dir='ltr'>est</span> <span class='ocrx_word' id='word_1_384' title='bbox 1621 3177 1631 3196; x_wconf 86' lang='lat'>,</span> <span class='ocrx_word' id='word_1_385' title='bbox 1678 3143 1774 3194; x_wconf 88' lang='lat' dir='ltr'>ipsa</span> <span class='ocrx_word' id='word_1_386' title='bbox 1810 3142 1884 3183; x_wconf 91' lang='lat' dir='ltr'>illa</span> <span class='ocrx_word' id='word_1_387' title='bbox 1926 3143 2062 3182; x_wconf 87' lang='lat' dir='ltr'>verba</span> <span class='ocrx_word' id='word_1_388' title='bbox 2112 3141 2238 3194; x_wconf 72' lang='lat' dir='ltr'>„tx-ib.</span> <span class='ocrx_word' id='word_1_389' title='bbox 2272 3142 2366 3185; x_wconf 93' lang='lat' dir='ltr'>coh.</span> <span class='ocrx_word' id='word_1_390' title='bbox 2398 3142 2422 3184; x_wconf 96' lang='lat' dir='ltr'>I</span> 
     </span>
    </p>
   </div>
   <div class='ocr_carea' id='block_1_3' title="bbox 2113 3228 2133 3258">
    <p class='ocr_par' dir='ltr' id='par_1_5' title="bbox 2113 3228 2133 3258">
     <span class='ocr_line' id='line_1_41' title="bbox 2113 3228 2133 3258; baseline 0 0"><span class='ocrx_word' id='word_1_391' title='bbox 2113 3228 2133 3258; x_wconf 75' lang='lat'>4</span> 
     </span>
    </p>
   </div>
  </div>
 </body>
</html>
