2774 3681
1241 252 1531 293 -10-

355 380 492 423 Esset
534 379 648 422 enim
693 379 739 422 id
781 379 1076 435 mendacium,
1129 384 1178 422 ut
1220 380 1367 422 vicina
1412 383 1581 423 tantum
1621 383 1667 422 et
1720 378 1903 422 finitima
1945 381 2143 434 exempla
2186 383 2415 439 proferam,

353 463 533 504 prorsus
555 449 778 493 consimile
799 450 854 506 ei,
887 451 1000 504 quod
1021 455 1276 494 struxerunt
1296 451 1340 493 in
1360 450 1455 493 vita
1475 450 1617 493 Persii
1644 450 1697 493 de
1729 453 1812 493 sat.
1836 450 1930 493 eius
1952 449 1987 504 I,
2024 452 2101 494 121
2126 468 2135 495 :
2172 453 2413 506 „auriculas

355 521 453 575 quis
483 534 570 565 non
599 521 735 565 habet
766 521 905 577 (Mida
934 534 1013 565 rex
1043 522 1240 576 habet)“,
1282 534 1421 573 neque
1452 523 1508 564 ab
1539 521 1626 565 illis
1658 521 1787 575 nugis
1819 521 2040 564 dissonum
2072 528 2212 579 esset,
2260 526 2414 578 quibus

356 593 432 636 Cn.
466 592 634 636 Naevio
666 596 823 647 poetae
853 594 988 635 multa
1019 596 1064 635 et
1094 593 1279 634 molesta
1309 604 1404 634 cum
1436 592 1626 635 Metellis
1664 592 1842 646 negotia
1872 591 2010 635 fuisse
2053 595 2416 649 excogitaverunt

354 664 464 706 adeo
495 664 738 706 versiculos
770 664 876 705 duos
908 663 1124 705 fabricati.
1185 662 1216 705 J
1218 663 1446 706 uvenalem
1477 674 1581 706 vero
1612 662 1657 706 in
1690 662 1854 707 crudeli
1885 665 1931 707 et
1962 664 2150 718 superba
2181 677 2290 720 quae
2321 669 2413 711 tum

354 740 637 779 exerceretur
664 736 953 778 dominatione
984 736 1098 776 haud
1129 736 1302 788 impune
1324 739 1491 777 tantam
1512 735 1557 777 in
1580 735 1729 778 satiris
1761 734 2009 778 libertatem
2030 734 2413 792 fortitudinemque

355 807 636 860 praestitisse
688 806 895 860 proclivis
947 810 1044 847 erat
1095 805 1297 858 suspicio.
1370 806 1480 847 Nam
1531 805 1662 847 etiam
1713 805 1777 848 illi
1828 809 1991 858 quanta
2032 809 2124 849 tum
2174 812 2413 863 temporum

355 877 541 920 tristitia
583 876 742 919 fuisset
785 875 1029 918 didicerant
1068 878 1114 917 et
1153 875 1291 918 multa
1333 875 1433 918 inde
1464 876 1519 918 ab
1550 875 1772 930 Augusto,
1817 876 1890 928 qui
1921 876 2084 929 primus
2124 880 2268 932 specie
2299 881 2412 935 legis

356 948 582 1000 Corneliae
618 948 764 989 laesae
804 946 1049 988 maiestatis
1094 946 1410 1000 „cognitionem
1442 946 1495 988 de
1526 946 1704 988 famosis
1736 946 1894 989 libellis
1933 948 2146 991 tractavit
2177 955 2413 996 commotus

356 1020 499 1060 Cassii
530 1019 683 1060 Severi
713 1018 918 1059 libidine“
955 1019 1075 1069 (Tac.
1098 1018 1211 1058 Ann.
1235 1018 1270 1070 I,
1297 1019 1351 1056 72
1374 1017 1428 1058 cf.
1451 1018 1526 1071 IV,
1559 1018 1632 1069 21)
1664 1017 1867 1058 memoria
1898 1019 2109 1060 tenebant
2140 1021 2414 1074 expulsorum

354 1088 571 1132 hominum
600 1087 873 1130 literatorum
904 1088 1113 1139 exempla.
1176 1087 1287 1140 Quid
1303 1089 1323 1129 P
1376 1088 1488 1139 quod
1518 1088 1684 1139 pariter
1720 1100 1772 1129 ac
1802 1101 1881 1130 nos
1913 1089 2026 1130 tales
2063 1090 2181 1132 locos
2214 1094 2413 1146 cognitos

354 1160 597 1214 habebant,
642 1157 785 1211 qualis
826 1161 897 1201 est
934 1157 1128 1201 Suetonii
1173 1157 1297 1201 Dom.
1343 1171 1437 1211 cap.
1482 1161 1531 1201 8:
1587 1158 1779 1212 „scripta
1815 1158 1981 1201 famosa
2019 1161 2238 1214 vulgoque
2279 1164 2412 1219 edita,

355 1230 510 1283 quibus
542 1229 754 1282 primores
784 1228 871 1271 viri
902 1241 954 1271 ac
984 1228 1169 1271 feminae
1200 1229 1488 1283 notabantur,
1532 1229 1724 1271 abolevit
1760 1229 1839 1283 (sc.
1872 1229 2164 1285 Domitianus)
2196 1244 2281 1275 non
2320 1234 2413 1277 sine

353 1304 578 1344 auctorum
621 1299 897 1354 ignominia.“
974 1299 1128 1352 Itaque
1171 1299 1376 1342 facillime
1419 1312 1565 1342 eorum
1601 1299 1758 1352 aliquis
1795 1300 1973 1353 perduci
2010 1301 2171 1357 potuit,
2215 1307 2264 1345 ut
2300 1305 2414 1348 omni

355 1372 557 1424 scrupulo
604 1371 763 1413 omisso
802 1371 989 1423 lepidam
1030 1371 1147 1412 illam
1192 1370 1412 1412 libertatis
1457 1374 1503 1412 et
1544 1370 1751 1412 audaciae
1794 1383 1975 1422 poenam
2016 1384 2070 1413 ex
2113 1373 2288 1426 ingenio
2336 1388 2413 1418 suo

355 1441 763 1486 comminisceretur.
826 1441 971 1492 Atque
1002 1440 1135 1483 etiam
1166 1440 1272 1482 illud
1303 1439 1466 1482 factum
1499 1453 1596 1482 esse
1627 1443 1785 1494 potest,
1827 1444 1877 1481 ut
1907 1440 1960 1481 de
1991 1445 2122 1493 poeta
2152 1444 2299 1485 nescio
2331 1458 2413 1496 quo

356 1512 534 1556 satirico
565 1524 619 1554 ex
650 1512 756 1554 urbe
787 1511 842 1553 ab
873 1510 1134 1563 imperatore
1165 1513 1376 1553 summoto
1398 1523 1540 1563 vagus
1571 1523 1715 1552 rumor
1744 1509 1800 1552 ad
1830 1509 1946 1552 illius
1979 1511 2186 1563 temporis
2218 1513 2412 1556 homines

354 1582 624 1637 perveniret,
670 1593 795 1633 quem
827 1592 1035 1633 perverse
1072 1579 1136 1622 illi
1166 1580 1425 1622 Juvenalem
1462 1580 1783 1633 intellegerent.
1846 1579 1980 1622 Velut
2010 1580 2061 1623 F.
2095 1581 2147 1622 V.
2181 1581 2412 1628 Fritzsche

355 1654 407 1696 de
441 1653 728 1706 scriptoribus
760 1651 951 1694 satiricis
985 1664 1100 1703 spec.
1132 1652 1195 1694 IV
1226 1651 1288 1703 (in
1318 1652 1405 1693 ind.
1438 1652 1561 1710 lectt.
1598 1652 1729 1693 Acad.
1762 1652 1988 1704 Rostock.)
2021 1665 2121 1705 pag.
2157 1656 2183 1692 4
2216 1655 2417 1697 adnotat:

359 1735 540 1778 „vereor
582 1734 637 1766 ne
674 1722 719 1765 in
761 1733 907 1765 eorum
949 1733 1148 1775 numero,
1197 1720 1270 1772 qui
1306 1734 1468 1773 poenas
1507 1720 1742 1775 dederunt,
1795 1721 1966 1763 Turnus
2005 1722 2179 1764 fuerit.“
2254 1726 2305 1766 Id
2343 1727 2419 1768 alii

355 1792 566 1848 viderint3
620 1792 698 1836 sed
745 1791 858 1846 quod
899 1791 1043 1836 Turno
1094 1791 1225 1835 aliive
1275 1794 1430 1845 poetae
1482 1791 1659 1835 satirico
1699 1792 1938 1848 acciderat,
2001 1794 2046 1835 id
2086 1794 2256 1837 incerta
2302 1797 2418 1839 fama

353 1863 562 1910 Juvenali
593 1863 808 1908 accidisse
839 1862 984 1918 putari
1014 1863 1167 1918 potuit.
1230 1862 1390 1907 Verum
1421 1863 1583 1907 talibus
1616 1862 1874 1907 coniecturis
1896 1865 2111 1920 neglectis
2144 1880 2270 1920 quam
2301 1868 2418 1911 viam

354 1938 528 1981 iniimus
572 1948 625 1979 ea
667 1936 942 1989 insistamus,
985 1935 1023 1977 si
1060 1935 1172 1978 forte
1211 1947 1264 1977 ex
1308 1935 1457 1977 satiris
1490 1934 1776 1988 qualicunque
1816 1936 1939 1979 modo
1980 1938 2307 1982 narratiuncula
2343 1939 2419 1983 illa

355 2008 546 2051 derivari
578 2008 731 2060 possit.
793 2007 1024 2049 Juvenalis
1058 2010 1140 2048 sat.
1174 2007 1214 2059 I,
1263 2008 1345 2047 150
1385 2006 1599 2048 hominem
1641 2006 1826 2058 aliquem
1865 2008 1948 2049 sibi
1980 2009 2238 2051 obicientem
2270 2010 2415 2063 fingit:

358 2078 498 2133 „unde
528 2077 756 2131 Ingenium
793 2089 874 2129 par
913 2077 1149 2119 materiae?
1200 2077 1312 2119 unde
1352 2077 1429 2119 illa
1465 2077 1654 2129 priorum
1693 2077 1936 2129 Scribendi
1955 2079 2237 2132 quodcunque
2275 2080 2417 2122 animo

353 2149 569 2204 flagrante
602 2148 760 2190 liberet
791 2147 1112 2200 Simplicitas?“
1155 2147 1225 2189 Ad
1256 2147 1368 2198 quod
1399 2147 1495 2189 ille:
1532 2147 1661 2200 „quid
1682 2147 1830 2202 refert,
1863 2148 1992 2191 dictis
2024 2150 2227 2203 ignoscat
2248 2151 2416 2192 Mucius

355 2232 497 2263 annon
509 2219 554 2261 ‘?“
612 2219 721 2260 Tum
764 2217 895 2260 alter:
949 2217 1051 2270 quid
1084 2230 1206 2272 vero,
1250 2217 1410 2272 inquit,
1454 2217 1491 2259 si
1530 2217 1700 2269 quando
1731 2222 1952 2270 potentem
1992 2232 2247 2272 quemquam
2278 2220 2416 2272 ipsius

353 2288 563 2345 principis
597 2287 743 2343 gratia
772 2286 988 2331 fruentem
1021 2287 1269 2341 carpseris?
1317 2288 1426 2331 Tum
1446 2287 1477 2331 J
1478 2287 1693 2343 uvenalis,
1727 2301 1981 2342 quamquam
2012 2290 2149 2343 primo
2172 2294 2218 2332 et
2248 2290 2417 2332 illorum

353 2361 620 2406 simultatem
650 2359 949 2415 neglecturum
983 2371 1081 2403 sese
1114 2358 1309 2415 simulat,
1348 2361 1493 2404 tamen
1524 2358 1798 2414 gravissimis
1830 2359 2010 2404 alterius
2044 2360 2228 2415 caussis,
2262 2360 2415 2412 quibus

352 2432 515 2476 divites
562 2433 848 2486 potentesque
892 2430 1112 2485 castigare
1158 2433 1397 2485 vetaretur,
1450 2430 1640 2485 cognitis
1687 2430 1731 2473 in
1782 2430 1865 2474 fine
1912 2432 2073 2475 satirae
2127 2432 2246 2485 pn'us
2295 2444 2417 2474 suum

352 2503 579 2547 consilium
620 2514 715 2545 eum
756 2501 801 2544 in
844 2501 1011 2544 modum
1044 2504 1205 2557 mutat,
1248 2504 1297 2544 ut
1337 2500 1480 2544 dicat:
1539 2500 1766 2555 „experiar
1796 2502 1897 2555 quid
1935 2503 2198 2546 concedatur
2228 2502 2273 2545 in
2304 2502 2415 2556 illos,

352 2574 542 2630 Quorum
562 2572 780 2616 Flaminia
809 2571 977 2627 tegitur
999 2572 1107 2616 cinis
1135 2576 1264 2626 atque
1287 2571 1486 2616 Latina.“
1543 2572 1664 2615 Haec
1686 2584 1781 2615 cum
1813 2573 1971 2617 sciolus
2002 2574 2076 2618 ille
2108 2573 2415 2628 grammaticus

353 2645 426 2698 qui
453 2646 590 2687 vitam
613 2644 851 2696 composuit
872 2643 1070 2699 legisset,
1093 2655 1356 2698 cognoscere
1378 2642 1557 2698 cupivit,
1587 2643 1793 2695 quomodo
1815 2644 2084 2698 experientia
2105 2644 2194 2688 ista
2208 2642 2416 2687 Juvenali

352 2715 589 2759 evenisset.
651 2715 752 2757 Jam
784 2727 880 2757 cum
912 2727 964 2757 ex
998 2718 1080 2757 sat.
1114 2714 1197 2757 XV
1229 2714 1274 2757 in
1305 2714 1508 2769 Aegypto
1541 2726 1637 2755 eum
1677 2714 1907 2767 aliquando
1939 2715 2076 2759 fuisse
2107 2714 2414 2769 intellexisset,

351 2787 455 2829 illuc
501 2786 722 2828 exulatum
753 2798 850 2828 eum
890 2785 1026 2827 ivisse
1058 2786 1327 2839 exploratum
1368 2785 1520 2827 habuit
1552 2788 1597 2826 et
1628 2797 1721 2826 eam
1754 2786 1923 2838 quidem
1955 2788 2008 2829 ob
2041 2798 2262 2840 caussam,
2304 2784 2416 2837 quod

353 2856 681 2908 exspectatione
703 2855 843 2898 minus
874 2855 919 2897 in
950 2859 1141 2898 mortuos
1164 2856 1203 2897 ei
1236 2868 1488 2897 concessum
1509 2855 1680 2897 fuisset.
1732 2857 1815 2898 Pro
1847 2860 1967 2899 certo
1988 2856 2126 2910 igitur
2157 2855 2315 2898 statuit
2335 2855 2415 2897 hoc

352 2926 484 2970 illove
511 2926 741 2969 Juvenalis
775 2926 1007 2969 satirarum
1038 2926 1130 2968 loco
1162 2929 1384 2979 potentem
1414 2925 1602 2978 aliquem
1633 2929 1678 2967 et
1709 2939 1804 2968 eum
1836 2926 2183 2979 potentissimum
2215 2925 2413 2979 omnium,

354 2997 659 3051 imperatorem
690 2997 851 3053 ipsum,
891 2996 1097 3040 offensum
1129 3009 1241 3040 esse.
1304 2996 1388 3051 Qui
1419 2997 1617 3050 quisnam
1647 2996 1806 3040 fuisset
1836 2997 2022 3040 nondum
2054 2996 2247 3050 curavit3
2286 3008 2416 3053 unum

354 3068 462 3112 illud
494 3067 726 3123 quaesivit,
758 3067 834 3111 ubi
855 3067 958 3111 talis
990 3067 1035 3111 in
1064 3068 1212 3111 satiris
1244 3068 1364 3111 locus
1393 3071 1603 3121 exstaret,
1637 3081 1718 3119 quo
1739 3068 1974 3120 imperator
2004 3067 2162 3110 offendi
2182 3066 2412 3119 potuisset.

351 3139 417 3183 Ac
447 3137 641 3194 profecto
663 3141 789 3183 tanta
810 3151 906 3183 cum
936 3137 1244 3193 probabilitate
1265 3138 1427 3182 nullum
1448 3137 1646 3182 invenire
1668 3139 1822 3194 potuit,
1856 3142 2019 3191 quanta
2038 3138 2280 3182 versiculos
2301 3136 2414 3193 illos,
