2774 3681
324 481 420 535 ipse
462 491 558 522 eam
599 478 770 521 adierat
812 491 852 521 a.
904 480 987 521 130
1027 479 1088 533 (v,
1121 478 1174 521 F.
1207 476 1522 532 Gregorovius:
1568 476 1833 521 Geschichte
1864 477 1942 520 des
1971 478 2154 521 Kaisers
2184 477 2384 523 Hadrian

325 550 414 594 und
464 548 608 592 seiner
652 548 752 591 Zeit
796 561 897 603 pag.
946 549 1035 604 40).
1113 547 1379 598 Testimonio
1431 551 1533 591 sunt
1578 546 1867 593 Romanorum
1918 547 2089 591 nomina
2136 546 2183 592 in
2233 551 2383 594 statua

325 618 565 665 Memnonis
596 618 831 674 inscripta,
872 631 1051 672 quorum
1083 621 1186 662 sunt
1216 620 1271 661 27
1314 630 1369 661 ex
1408 621 1602 673 tempore
1632 617 1848 662 Hadriani
1892 619 1968 672 (10
1997 622 2100 662 ante
2131 618 2380 674 adventum,

330 693 381 734 17
413 692 514 745 post
544 688 779 731 adventum
809 688 903 732 eius
934 688 980 731 in
1010 688 1292 745 Aegyptum),
1324 701 1379 731 ex
1409 688 1588 732 Traiani
1616 692 1762 732 autem
1793 691 1986 742 tempore
2021 691 2040 730 1
2076 692 2121 732 et
2151 701 2205 732 ex
2231 689 2380 750 Domi·
2416 690 2424 692 ’

325 761 437 806 tiani
467 763 493 803 3
526 758 600 814 (cf.
632 759 866 815 Letronne,
910 759 955 802 la
985 763 1132 803 statue
1162 759 1313 803 vocale
1356 759 1410 803 de
1439 759 1640 803 Memnon
1669 773 1772 814 pag.
1809 760 1895 813 13).
1966 759 2140 814 Negare
2183 760 2381 814 equidem

325 832 424 876 nolo
444 831 694 885 Aegyptum
723 830 971 874 inferiorem
992 834 1038 873 et
1057 830 1419 885 Heptanomidem
1438 831 1573 873 multo
1594 831 1679 873 iam
1700 834 1804 874 ante
1825 829 2095 872 Hadrianum
2127 830 2380 884 saepissime

325 903 551 946 visitatam
583 913 696 957 esse,
729 901 807 944 sed
836 902 893 944 ad
924 904 1161 944 extremam
1190 901 1384 956 Aegypti
1413 905 1595 957 partem,
1626 901 1671 944 in
1701 901 1953 956 Aegyptum
1985 897 2248 955 superiorem
2277 906 2380 945 ante

325 972 593 1017 Hadrianum
624 983 801 1025 perraro
834 971 927 1014 sine
959 971 1087 1014 dubio
1117 971 1204 1014 iter
1233 971 1378 1014 facere
1421 972 1631 1015 solebant.
1693 971 1789 1027 Qua
1831 971 1885 1014 de
1917 983 2076 1014 caussa
2105 983 2256 1024 parum
2285 984 2379 1025 pro·

324 1043 469 1088 babile
500 1045 584 1098 est,
615 1042 862 1085 Domitiano
893 1046 1107 1097 regnante
1138 1042 1337 1085 iuvenem
1356 1042 1388 1084 J
1388 1043 1616 1085 uvenalem
1646 1042 1937 1097 voluptarium
1968 1042 2071 1085 illuc
2091 1041 2177 1085 iter
2208 1041 2378 1098 fecisse,

326 1116 406 1158 sub
443 1113 665 1156 Hadriano
706 1117 851 1156 autem
887 1126 966 1167 per
1010 1117 1279 1156 senectutem
1315 1126 1400 1156 non
1439 1113 1524 1155 iam
1563 1114 1616 1156 de
1652 1113 1902 1167 longinquis
1940 1113 2151 1156 eiusmodi
2189 1113 2379 1167 peregri-

324 1184 571 1228 nationibus
603 1184 798 1238 cogitare
829 1184 982 1237 potuit.

465 1256 562 1297 Val.
595 1255 805 1297 Franckii
845 1256 1108 1297 sententiam
1149 1268 1224 1296 vv.
1265 1258 1439 1296 44-48
1483 1260 1687 1307 tanquam
1731 1254 1901 1307 spurios
1949 1267 1973 1296 e
2011 1257 2137 1296 textu
2180 1254 2379 1297 eicientis

325 1340 410 1369 non
453 1327 539 1368 iam
588 1338 728 1367 meum
773 1330 844 1368 est
888 1325 1109 1380 refellere,
1157 1338 1285 1377 quam
1330 1338 1502 1378 operam
1547 1325 1749 1378 permulti
1796 1329 2103 1379 susceperunt,
2150 1324 2380 1377 praecipue

324 1396 547 1440 Dollenius
579 1396 607 1438 l.
640 1396 667 1438 l.
700 1408 801 1450 pag.
835 1398 920 1438 323
954 1408 1053 1450 sqq;
1095 1395 1210 1449 apud
1240 1408 1365 1448 quem
1404 1394 1535 1438 etiam
1571 1398 1760 1450 ceteros,
1799 1394 1873 1448 qui
1903 1393 2125 1438 Franckio
2157 1394 2380 1449 impugna-

324 1470 504 1522 verunt,
547 1470 821 1509 enumeratos
862 1466 1074 1510 invenies.
1146 1465 1270 1520 Quod
1308 1465 1510 1509 Francke
1555 1466 1772 1509 eiciendos
1813 1479 1970 1509 versus
2014 1465 2113 1510 illos
2154 1465 2378 1521 iudicavit,

324 1539 420 1582 ideo
455 1537 640 1581 maxime
678 1537 1003 1591 improbandum
1042 1541 1130 1593 est,
1173 1537 1286 1591 quod
1316 1537 1524 1581 eiusmodi
1559 1537 1706 1581 iudicii
1737 1537 1824 1581 alia
1855 1550 2014 1581 caussa
2043 1550 2130 1581 non
2160 1541 2251 1593 est,
2295 1536 2380 1581 nisi

323 1613 373 1653 ut
403 1609 576 1653 exilium
606 1608 872 1662 Aegyptium
902 1612 948 1651 et
978 1608 1370 1663 peregrinationem
1390 1608 1653 1663 Aegyptiam
1683 1621 1860 1664 negare,
1892 1621 2032 1662 neque
2064 1612 2211 1652 tamen
2241 1611 2380 1652 totum

325 1692 495 1724 carmen
524 1679 556 1723 J
557 1678 732 1722 uvenali
761 1679 1009 1722 abiudicare
1039 1679 1183 1723 liceat.

463 1749 648 1792 Abunde
678 1749 764 1791 iam
795 1749 990 1792 omnibus
1022 1749 1370 1805 quaestionibus,
1402 1761 1512 1802 quae
1543 1750 1599 1792 ad
1628 1750 1802 1792 exilium
1833 1750 2069 1805 pertinent,
2102 1750 2379 1792 satisfactum

323 1832 424 1863 esse
455 1823 559 1873 puto
591 1831 730 1872 neque
763 1819 994 1872 quidquam
1023 1820 1151 1862 video
1182 1823 1370 1875 restare,
1401 1820 1486 1861 nisi
1516 1824 1565 1861 ut
1596 1820 1649 1862 de
1680 1820 1853 1862 diverso
1886 1820 2119 1862 satirarum
2148 1820 2180 1862 J
2180 1820 2378 1862 uvenalis

322 1901 482 1944 genere
513 1901 730 1942 perpauca
760 1889 1031 1943 subiungam.
1094 1889 1374 1931 Exstiterunt
1404 1889 1517 1931 enim
1548 1889 1633 1944 qui,
1666 1889 1779 1942 quod
1811 1890 1973 1931 satirae
1996 1892 2141 1931 8——16
2173 1891 2228 1932 ab
2256 1895 2376 1932 ante-

324 1960 576 2002 cedentibus
609 1963 655 2001 et
685 1960 955 2013 argumentis
987 1963 1033 2002 et
1063 1963 1155 2001 toto
1188 1960 1396 2002 sermonis
1429 1960 1568 2002 colore
1599 1960 1913 2012 aliquantulum
1944 1960 2210 2016 discrepant,
2242 1960 2286 2002 id
2313 1960 2376 2002 sic

325 2030 541 2083 explicare
571 2031 757 2084 vellent,
797 2033 847 2071 ut
876 2029 908 2072 J
908 2030 1135 2071 uvenalem
1166 2030 1293 2072 exilio
1330 2033 1506 2083 peracto
1537 2030 1856 2083 prudentiorem
1887 2030 2104 2073 redditum
2134 2030 2269 2073 furori
2300 2044 2376 2073 suo

325 2100 501 2143 satirico
533 2100 649 2143 haud
679 2100 954 2142 mediocriter
983 2100 1297 2153 temperavisse
1318 2101 1526 2143 dicerent.
1579 2100 1789 2143 Libenter
1819 2100 2018 2153 equidem
2038 2101 2215 2156 largior,
2246 2101 2375 2143 aliam

324 2181 422 2212 esse
453 2170 643 2223 priorum
674 2170 803 2212 aliam
833 2170 1119 2223 posteriorum
1151 2171 1381 2212 satirarum
1412 2171 1610 2225 indolem,
1641 2183 1781 2223 neque
1802 2175 1949 2213 tamen
1980 2171 2188 2225 intellego
2210 2184 2286 2213 cur
2316 2171 2373 2214 sit

323 2240 403 2282 tali
433 2241 556 2283 modo
588 2252 659 2284 res
697 2241 979 2294 expedienda.
1041 2241 1150 2283 Nam
1189 2241 1505 2294 simplicissime
1536 2241 1642 2283 duas
1675 2253 1856 2283 caussas
1889 2241 2106 2284 immutati
2143 2241 2372 2284 satirarum

325 2311 588 2354 characteris
620 2312 806 2355 invenio.
858 2312 1048 2355 Primum
1069 2312 1181 2355 enim
1212 2316 1381 2366 reputa,
1412 2312 1457 2354 in
1478 2311 1691 2364 prioribus
1722 2312 1810 2354 illis
1833 2312 1983 2355 satiris
2016 2316 2152 2355 totam
2172 2312 2373 2355 vitiorum

324 2381 539 2424 sentinam
570 2383 824 2426 exhaustam
855 2394 993 2436 paene
1014 2394 1127 2438 esse,
1158 2385 1208 2425 ut
1237 2383 1464 2436 pristinam
1486 2382 1852 2438 consuetudinem,
1885 2394 1940 2425 ex
1971 2395 2057 2436 qua
2076 2383 2373 2438 imagunculae

322 2450 640 2505 imagunculam
671 2453 907 2507 adiungere
938 2457 1123 2508 amaret,
1167 2454 1356 2495 retinere
1385 2453 1416 2494 J
1418 2453 1615 2495 uvenalis
1652 2464 1738 2494 non
1780 2458 1932 2506 posset
1965 2453 2068 2506 quin
2099 2453 2271 2495 easdem
2301 2464 2372 2494 res

323 2520 479 2564 iterum
509 2526 640 2575 atque
671 2524 848 2565 tertium
879 2527 1111 2576 repeteret.
1173 2523 1340 2565 Deinde
1377 2536 1462 2565 11011
1492 2524 1773 2565 omittendum
1811 2536 1910 2566 esse
1942 2524 2162 2578 existimo,
2208 2535 2372 2565 omnem

323 2591 487 2642 poesim
518 2593 616 2635 aliis
649 2581 913 2645 temporibus
945 2594 1075 2635 aliam
1106 2606 1217 2636 esse.
1270 2594 1358 2635 Sub
1381 2594 1567 2636 Traiano
1588 2598 1634 2636 et
1654 2594 1878 2636 Hadriano
1909 2598 2079 2637 mutata
2109 2599 2203 2636 erat
2233 2598 2370 2647 aetas,

323 2663 373 2702 ut
404 2664 449 2703 et
480 2663 643 2705 satirae
665 2667 834 2706 mutata
854 2667 974 2706 esset
994 2663 1120 2718 ratio,
1152 2663 1408 2717 praesertim
1439 2675 1534 2706 cum
1554 2668 1684 2717 poeta
1714 2658 1810 2717 ipse
1832 2665 2059 2718 paullatim
2088 2664 2143 2706 ad
2164 2663 2371 2718 grandem

323 2730 729 2786 imbecillioremque
760 2737 951 2776 aetatem
971 2734 1233 2786 perveniret.
1285 2734 1356 2775 Ita
1386 2733 1606 2775 diversum
1627 2735 1915 2787 posteriorum
1938 2735 2167 2777 satirarum
2188 2734 2373 2776 colorem

323 2800 487 2856 nativa,
519 2815 606 2847 non
635 2803 777 2847 ascita
808 2816 859 2847 ac
891 2807 1090 2847 contorta
1119 2804 1287 2847 ratione
1318 2803 1516 2857 intellegi
1546 2816 1675 2857 posse
1707 2816 1877 2847 censeo.
