2774 3681
343 424 473 474 atque
503 419 637 463 etiam
665 430 746 473 per
775 418 994 462 biennium
1025 419 1145 470 illud,
1175 432 1258 473 quo
1280 419 1437 471 Nerva,
1460 419 1644 472 optimus
1674 418 2038 471 gravissimasque
2067 429 2207 470 senex,
2230 429 2409 471 regnum

345 493 528 543 teneret,
559 493 753 535 retentas
783 488 913 534 fuisse
943 490 1110 534 scrinio.
1142 490 1193 533 Id
1222 490 1334 534 enim
1365 489 1595 543 praecipue
1627 492 1880 543 argumento
1911 487 2016 531 mihi
2051 502 2143 532 esse
2174 501 2341 532 censeo:
2374 486 2410 530 si

345 562 424 605 sub
453 560 690 604 Domitiani
720 571 856 614 regno
888 560 1114 604 inchoatae
1145 560 1460 613 maximamque
1490 563 1660 613 partem
1690 557 1909 613 perfectae
1938 557 2118 602 fuissent
2137 559 2310 610 satirae,
2333 557 2410 600 Ju-

341 631 504 676 venalis
541 630 708 675 felicem
747 631 868 675 illam
898 631 1066 675 Nervae
1107 634 1294 674 aetatem
1334 642 1417 673 non
1450 630 1822 684 praetermisisset,
1855 629 1957 683 quin
1994 641 2068 673 eas
2098 629 2259 674 ederet.
2288 628 2409 672 Nunc

342 702 544 756 quoniam
581 700 877 745 Hermannum
920 705 963 745 et
994 700 1222 744 Weberum
1252 699 1444 744 refutare
1476 699 1634 753 studui,
1667 712 1798 743 unum
1828 698 1965 743 habeo
1997 698 2109 754 quod
2142 699 2294 743 dicam.
2318 697 2408 751 Quo

342 773 480 816 minus
511 773 684 816 testium
713 784 951 824 consensuS‚
985 783 1110 824 quem
1131 771 1403 814 Hermannus
1434 783 1525 814 esse
1557 771 1739 824 putavit,
1774 770 1830 813 ad
1861 769 2170 813 criminandum
2203 770 2408 812 Domitia-

341 855 444 887 num
474 843 603 895 valet,
636 854 687 886 eo
718 843 856 896 magis
887 842 1002 886 valet
1021 842 1237 885 silentium
1269 842 1456 885 omnium
1487 841 1514 884 J
1517 841 1686 884 uvenali
1718 841 1961 894 aequalium
1993 844 2230 891 auctorum,
2262 845 2310 884 ut
2330 841 2408 883 cri-

341 915 456 958 mine
497 913 570 957 illo
609 913 830 957 liberetur.
863 913 1010 965 Neque
1053 912 1165 954 enim
1208 916 1283 955 aut
1324 912 1437 965 apud
1470 911 1666 954 Tacitum
1697 912 1740 954 in
1778 911 1980 965 Agricola
2010 911 2142 953 ullam
2173 900 2407 954 invenimus

346 984 462 1029 exilii
493 984 766 1036 mentionem,
799 983 843 1027 id
875 982 987 1037 quod
1017 981 1142 1026 valde
1174 982 1427 1035 mirandum,
1459 983 1715 1036 praesertim
1746 982 1781 1024 si
1816 982 1843 1025 J
1846 982 2047 1032 uvenalis,
2080 987 2128 1024 ut
2157 983 2270 1026 idem
2302 983 2409 1024 Her-

341 1067 524 1101 mannus
563 1054 780 1106 iudicavit,
818 1054 861 1098 in
893 1052 1116 1097 Britannia
1157 1052 1358 1105 exulavit,
1401 1056 1476 1096 aut
1507 1051 1732 1097 Suetonius
1770 1056 1846 1096 aut
1881 1051 2042 1095 Plinius
2073 1051 2292 1096 Secundus
2333 1057 2408 1097 aut

342 1126 653 1180 Quinctilianus
686 1128 762 1169 aut
792 1124 1002 1168 Martialis
1035 1123 1269 1178 quidquam
1301 1125 1354 1168 de
1386 1136 1436 1168 eo
1467 1123 1672 1168 referunt.
1706 1123 1917 1167 Nimirum
1957 1123 2069 1179 quod
2100 1124 2406 1176 Quinctilianus

327 1202 390 1243 ‚et
419 1196 634 1241 Martialis
674 1196 891 1240 silentium
923 1199 1068 1249 agunt,
1101 1195 1144 1238 id
1180 1194 1361 1239 fortasse
1393 1207 1470 1250 pro
1510 1194 1712 1239 mediocri
1744 1195 1996 1238 documento
2027 1194 2269 1247 habebitur,
2312 1207 2405 1240 cum

344 1268 578 1312 Domitiani
609 1279 682 1311 eos
712 1266 989 1310 studiosiores
1021 1265 1149 1309 fuisse
1180 1269 1328 1308 notum
1361 1267 1429 1309 sit.
1462 1266 1728 1320 Quamquam
1759 1266 1969 1308 Martialis
2000 1265 2096 1308 libri
2128 1266 2227 1309 inde
2249 1279 2275 1309 a
2296 1278 2406 1310 nono

344 1338 544 1382 defuncto
577 1337 821 1379 Domitiano
853 1337 993 1379 emissi
1016 1340 1115 1378 sunt
1137 1337 1193 1390 (v.
1217 1336 1509 1379 Schneidewin
1541 1336 1659 1391 proll.
1691 1348 1791 1391 pag.
1814 1336 1910 1392 III).
1934 1336 1982 1378 In
2004 1336 2111 1379 libro
2143 1339 2288 1379 autem
2309 1337 2404 1389 XII,

346 1410 418 1464 qui
449 1409 691 1462 imperante
723 1408 908 1450 Traiano
939 1407 1180 1460 publicatus
1212 1411 1289 1459 est,
1322 1408 1590 1462 epigramma
1620 1408 1729 1449 inest
1760 1407 1864 1462 (18),
1897 1408 1939 1449 in
1971 1419 2053 1462 quo
2075 1411 2202 1461 poeta
2239 1419 2333 1450 cum
2364 1408 2407 1450 in

342 1480 530 1533 patriam
561 1490 682 1521 suam
713 1490 759 1520 se
799 1478 1044 1531 pervenisse
1075 1478 1101 1519 J
1105 1477 1275 1520 uvenali
1307 1478 1487 1520 Romam
1518 1479 1675 1528 scribit,
1709 1479 1761 1520 de
1799 1479 1873 1520 illa
1904 1479 1995 1520 eius
2026 1479 2200 1520 miseria
2231 1479 2404 1521 verbum

340 1563 425 1594 non
455 1548 580 1602 facit3
621 1561 751 1603 quam
790 1548 825 1592 si
856 1548 883 1592 J
886 1548 1076 1591 uvenalis
1115 1561 1342 1603 perpessus
1380 1553 1488 1602 erat,
1523 1550 1648 1592 amici
1679 1553 1774 1592 erat
1813 1561 1909 1592 eum
1941 1549 2145 1592 miserari.
2180 1549 2405 1592 Suetonius

342 1633 443 1665 vero
469 1624 514 1664 et
534 1620 697 1663 Plinius
718 1619 948 1672 Secundus,
974 1632 1152 1673 quorum
1175 1619 1287 1663 alter
1318 1633 1370 1663 ex
1403 1633 1520 1663 more
1542 1620 1821 1675 plurimorum
1842 1620 1953 1663 illius
1975 1621 2178 1675 temporis
2211 1621 2405 1664 historio-

342 1692 605 1746 graphorum
638 1691 781 1734 varias
812 1692 1043 1744 praecipue
1075 1692 1128 1734 de
1151 1691 1408 1734 Caesaribus
1441 1692 1784 1734 narratiunculas
1815 1691 1988 1734 tradere
2019 1691 2138 1743 solet,
2173 1691 2285 1734 alter
2314 1694 2404 1734 tam

342 1762 497 1807 acerbo
534 1762 630 1805 odio
661 1762 953 1805 Domitianum
984 1762 1269 1816 persequitur,
1303 1766 1351 1804 ut
1394 1762 1437 1804 in
1469 1763 1706 1817 gratiarum
1739 1762 1904 1805 actione
1942 1774 2019 1805 sua
2051 1762 2224 1805 Traiani
2255 1763 2403 1806 lauda-

341 1835 502 1877 tionem
546 1833 729 1876 maxime
770 1833 981 1886 carpendo
1013 1833 1317 1883 Domitianum,
1353 1834 1454 1887 quin
1497 1834 1628 1875 etiam
1661 1834 1871 1888 quaedam
1908 1834 2018 1876 iuste
2051 1833 2104 1875 ab
2136 1846 2185 1876 eo
2217 1833 2331 1876 facta
2362 1835 2404 1877 in

342 1906 503 1949 crimen
524 1904 729 1963 vertendo
751 1903 940 1947 effecerit
961 1903 1031 1958 (cf.
1055 1904 1151 1947 Joh.
1176 1904 1398 1956 Dierauer,
1422 1904 1627 1958 Beitrage
1648 1917 1700 1946 zu
1722 1906 1839 1947 einer
1859 1904 2090 1947 kritischen
2113 1904 2262 1947 Gesch.
2288 1905 2401 1959 Traj.

346 1976 460 2019 Berl.
497 1974 612 2017 1868
645 1987 806 2017 excurs.
829 1987 928 2029 pag.
963 1974 1048 2016 213
1080 1974 1175 2031 sq),
1200 1987 1348 2017 verum
1374 1979 1519 2017 tamen
1552 1975 1624 2028 illi,
1649 1976 1683 2018 si
1707 1988 1732 2018 a
1754 1976 2000 2018 Domitiano
2032 1976 2252 2019 Juvenalis
2289 1976 2402 2020 exilii

342 2060 481 2102 poena
513 2044 689 2089 affectus
721 2049 845 2096 esset,
878 2059 960 2088 non
993 2046 1238 2088 tacuissent.

486 2117 750 2160 Postremum
781 2116 860 2160 hoc
891 2117 981 2159 loco
1014 2118 1067 2159 de
1099 2117 1223 2159 exilio
1253 2116 1416 2159 Scotico
1438 2130 1576 2171 pauca
1598 2118 1854 2171 disputanda
1875 2121 1984 2167 sunt,
2023 2118 2135 2171 quod
2157 2118 2268 2161 duae
2290 2120 2404 2162 vitae

341 2190 453 2231 inter
483 2200 529 2230 se
559 2187 800 2230 simillimae
833 2188 869 2229 V
902 2192 947 2230 et
977 2188 1037 2229 VI
1068 2192 1215 2229 contra
1247 2193 1414 2230 ceteras
1446 2189 1557 2230 vitas
1590 2192 1818 2230 testantur.
1852 2189 1901 2230 Id
1933 2189 2221 2232 testimonium
2253 2189 2297 2232 C.
2331 2190 2400 2233 Fr.

343 2258 588 2303 Hermanno
619 2271 827 2313 perquam
859 2262 1099 2312 opportune
1130 2258 1326 2312 obtingit,
1361 2271 1460 2301 nam
1492 2263 1536 2301 et
1568 2260 1611 2300 in
1634 2260 1988 2302 commentatione
2011 2260 2179 2313 saepius
2200 2260 2399 2303 laudata:

344 2329 398 2373 de
429 2333 521 2384 tpp.
544 2332 624 2372 sat.
658 2333 766 2383 sept.
799 2333 843 2372 et
874 2330 915 2372 in
954 2327 1092 2383 praef.
1125 2328 1190 2371 ed.
1225 2329 1320 2371 Juv.
1355 2340 1520 2371 summo
1552 2341 1682 2382 opere
1713 2329 1940 2381 contendit,
1974 2334 2023 2372 ut
2054 2331 2093 2373 ei
2124 2331 2196 2373 uni
2228 2331 2401 2374 creden-

342 2400 444 2449 dum
476 2411 570 2444 esse
608 2399 882 2443 demonstret.
916 2399 977 2442 Ac
1008 2399 1192 2454 primum
1224 2399 1396 2455 quidem
1427 2399 1496 2443 hic
1527 2411 1675 2443 rursus
1706 2400 1808 2443 mihi
1840 2400 1989 2444 critica
2023 2400 2259 2445 Hermanni
2291 2402 2400 2446 ratio

341 2471 623 2527 improbanda
654 2475 731 2514 est.
764 2471 876 2514 Nam
908 2483 1002 2514 cum
1034 2472 1076 2513 in
1108 2475 1228 2514 tanta
1260 2472 1445 2514 vitarum
1469 2471 1758 2525 discrepantia
1778 2472 1937 2515 nullam
1959 2472 2286 2526 praeferendam
2309 2486 2401 2517 esse

341 2555 417 2585 suo
460 2543 554 2584 iure
597 2547 781 2594 censeat,
813 2543 857 2584 id
883 2543 1087 2597 peccavit,
1121 2548 1179 2595 ut,
1226 2546 1360 2603 prout
1395 2543 1436 2585 in
1485 2543 1724 2597 opinionem
1756 2555 1876 2586 suam
1907 2543 2047 2596 cadat,
2082 2544 2197 2587 aliud
2230 2544 2401 2589 aliunde

344 2626 498 2655 nomen
530 2618 672 2654 sumat
702 2618 747 2655 et
777 2625 828 2655 ex
861 2614 1040 2655 arbitrio
1073 2625 1147 2654 suo
1179 2614 1247 2655 hic
1279 2625 1382 2655 vera
1414 2614 1499 2656 illic
1530 2613 1638 2655 falsa
1669 2614 1736 2656 hic
1766 2614 1987 2656 historiam
2010 2614 2094 2656 illic
2116 2616 2401 2658 coniecturam

340 2684 428 2737 legi
469 2688 646 2726 statuat.
694 2683 753 2725 Ut
795 2683 838 2724 in
882 2685 971 2724 vita
1003 2684 1062 2725 IV
1094 2685 1327 2726 Domitiani
1368 2697 1521 2725 nomen
1564 2696 1665 2725 vere
1709 2685 1915 2726 traditum
1956 2698 2047 2727 esse
2091 2686 2194 2735 vult,
2229 2687 2400 2728 exilium

262 2778 264 2788 =
341 2754 605 2808 Aegyptium
638 2767 721 2796 non
752 2753 868 2796 item.
904 2753 1063 2796 Contra
1097 2755 1205 2797 vitas
1239 2755 1275 2795 V
1306 2759 1351 2797 et
1382 2755 1441 2796 VI
1472 2755 1635 2804 laudat,
1670 2756 1820 2809 quibus
1852 2756 2024 2798 exilium
2056 2755 2266 2798 Scoticum
2308 2760 2401 2798 tue-

341 2827 442 2868 atur
472 2824 672 2879 idemque
702 2824 834 2869 vitam
863 2825 900 2868 V
922 2825 1153 2879 vituperat,
1185 2826 1296 2880 quod
1330 2826 1505 2869 Traiani
1538 2838 1688 2869 nomen
1721 2826 1858 2870 affert.
1892 2826 1978 2869 Cur
2009 2826 2183 2869 tandem
2214 2827 2282 2869 hic
2304 2840 2400 2870 con-

341 2907 511 2939 sensum
542 2895 728 2949 testium,
752 2897 832 2947 cui,
865 2896 938 2939 ubi
961 2896 1014 2939 de
1036 2896 1279 2940 Domitiano
1312 2897 1496 2951 quaerit,
1529 2900 1699 2940 tantum
1731 2898 1998 2941 auctoritatis
2031 2897 2240 2952 attribuit,
2273 2898 2400 2953 plane

341 2965 567 3021 neglexit?
598 2967 775 3011 Duabus
796 2967 908 3010 enim
930 2967 1012 3010 illis
1035 2968 1134 3011 vitis
1156 2969 1344 3022 exceptis
1361 2969 1602 3022 Aegyptum
1634 2980 1778 3012 omnes
1809 2969 2030 3012 nominant
2060 2973 2202 3012 testes.
2236 2969 2400 3013 Deinde

339 3038 480 3081 nescio
511 3050 566 3081 an
598 3039 641 3081 in
672 3050 774 3081 voce
806 3037 973 3090 „Scoti“
1005 3039 1187 3093 vestigia
1217 3040 1467 3082 recentioris
1500 3039 1655 3082 aetatis
1687 3039 2068 3093 deprehendamus,
2102 3052 2196 3083 cum
2228 3040 2399 3095 quidem

339 3112 440 3151 ante
462 3107 743 3152 Claudianum
766 3121 936 3163 semper
958 3109 1209 3153 Caledonios
1231 3123 1314 3154 non
1332 3111 1479 3154 Scotos
1511 3111 1747 3154 nominatos
1780 3124 1871 3154 esse
1901 3116 2045 3154 notum
2079 3112 2135 3153 sit
2167 3113 2222 3166 (v.
2242 3110 2401 3165 Kempf
