2774 3681
1263 249 1554 291 -30-

377 375 613 426 satirarum
678 387 853 421 suarum
919 376 1110 421 editione
1175 376 1378 431 praefa1i.
1475 376 1594 420 Ecce
1659 371 1822 420 nodus!
1920 375 2147 423 Eiusmodi
2205 377 2438 423 satim-um

376 446 639 501 prooemium
699 446 892 491 scribere
954 448 1034 491 sub
1095 447 1283 491 Traiano
1353 450 1485 502 poeta
1552 458 1638 490 non
1698 446 1862 502 potuit,
1937 447 1976 491 si
2036 448 2150 494 aliae
2209 449 2296 494 iam
2355 449 2435 494 sub

376 514 527 563 Nerva
567 519 645 561 aut
686 517 797 561 adeo
841 519 921 561 sub
952 518 1199 561 Domitiano
1240 517 1403 560 satirae
1443 518 1536 560 eius
1573 517 1784 560 exierant.
1846 517 1992 572 Quid?
2030 520 2242 573 pristinae
2273 520 2436 565 satirae

373 587 491 632 unde
519 587 722 633 notitiam
752 588 861 632 fecit
892 589 1137 632 Traianus?
1196 588 1259 631 Et
1290 588 1393 642 quid
1422 588 1552 630 alteri
1583 588 1828 641 quaestioni
1847 590 2163 642 respondebis?
2224 590 2336 648 Quid
2366 595 2437 636 est

375 658 492 712 quod
529 658 764 704 Juvenalis
806 659 853 703 in
895 659 1074 702 satiram
1118 659 1346 712 septimam
1388 659 1556 712 priscos
1598 670 1755 701 versus
1798 659 2064 703 inseruerit?
2134 662 2212 717 „In
2253 662 2434 720 medio“,

375 729 521 784 inquit
556 729 906 786 Synnerbergius
937 743 1038 784 pag.
1071 732 1142 785 80,
1190 730 1256 784 „si
1299 729 1402 783 quid
1441 729 1596 785 iudico,
1640 729 1967 781 relinquendum
2010 734 2093 787 est,
2137 745 2220 786 quo
2257 733 2434 777 consilio

377 800 536 845 ductus
565 801 799 845 Juvenalis
830 814 985 844 versus
1015 799 1113 843 illos
1150 799 1196 842 in
1226 800 1427 843 Paridem
1465 795 1734 853 conscriptos
1770 800 2011 853 posteriore
2042 805 2235 856 tempore
2265 805 2311 847 in
2341 817 2434 859 sep-

376 871 529 917 timam
575 871 757 917 satiram
800 870 1075 915 inseruerit“.
1152 871 1204 915 In
1241 871 1380 915 medio
1423 871 1778 924 relinquendum?
1850 871 1984 915 Immo
2031 872 2070 916 si
2112 887 2270 918 caussa
2314 889 2434 919 revo-

378 942 546 988 candae
566 942 716 987 brevis
746 942 862 986 illius
894 941 1058 985 satirae
1079 942 1280 998 indagari
1311 942 1475 997 nequit,
1507 942 1738 986 universus
1768 942 1843 986 ille
1873 944 2250 997 grammaticorum
2271 946 2435 990 ioculus

378 1013 623 1058 reiciendus
654 1017 785 1067 atque
815 1013 1111 1067 explodendas
1142 1017 1225 1057 est.
1287 1013 1541 1056 Extremum
1573 1016 1656 1066 est,
1688 1016 1739 1055 ut
1768 1013 1824 1056 ad
1844 1013 2091 1057 Martialem
2117 1019 2272 1059 testem
2292 1030 2434 1060 recur—

377 1096 485 1127 ram.
561 1083 606 1127 Is
653 1084 732 1126 sub
779 1082 1047 1139 Domitiano,
1098 1083 1137 1126 is
1180 1085 1260 1127 sub
1301 1084 1488 1127 Traiano
1527 1083 1787 1127 Juvenalem
1827 1083 1989 1128 Romae
2042 1084 2178 1129 fuisse
2230 1090 2433 1133 testatur.

378 1153 489 1197 Nam
518 1153 793 1197 duodecimus
830 1153 923 1196 eius
960 1153 1319 1208 epigrammatum
1358 1154 1469 1197 liber
1504 1154 1691 1197 Traiano
1728 1157 1943 1208 regnante
1979 1158 2079 1208 post
2114 1168 2154 1199 a.
2197 1159 2299 1214 102,
2352 1171 2434 1212 quo

377 1237 490 1269 anno
535 1225 778 1279 triumphus
817 1224 1005 1267 Dacicus
1052 1225 1298 1267 celebratus
1345 1228 1436 1279 est,
1483 1224 1603 1267 exiit.
1681 1224 1789 1267 Eius
1835 1227 1981 1269 autem
2022 1225 2123 1269 libri
2169 1227 2435 1282 epigramma

381 1298 434 1339 18
454 1295 636 1339 Romam
655 1295 863 1338 Juvenali
895 1295 1104 1349 scriptum
1135 1299 1218 1337 est.
1282 1295 1403 1350 Ergo
1423 1295 1454 1338 J
1456 1295 1667 1351 uvenalis,
1701 1307 1796 1338 cum
1827 1299 1928 1349 post
1954 1295 2115 1340 editam
2148 1297 2327 1343 satiram
2349 1299 2435 1344 VH

375 1366 514 1409 Roma
543 1379 629 1409 non
659 1368 851 1420 abesset,
884 1378 911 1407 a
942 1366 1129 1407 Traiano
1162 1367 1384 1420 relegatus
1416 1379 1501 1408 non
1533 1369 1615 1408 est.

518 1437 603 1481 His
646 1437 883 1492 disputatis
923 1437 1090 1480 finitam
1133 1451 1232 1480 esse
1276 1442 1380 1490 puto
1412 1439 1465 1480 de
1502 1439 1687 1480 Traiano
1718 1438 2076 1489 disquisitionem.
2138 1441 2204 1481 Ac
2236 1443 2435 1494 quoniam

374 1521 456 1554 nec
486 1503 733 1554 Domitiano
763 1522 844 1553 nec
876 1508 1063 1552 Traiano
1094 1509 1270 1552 exilium
1300 1510 1596 1562 imputandum
1626 1522 1724 1551 esse
1755 1509 2060 1565 intelleximus,
2092 1510 2263 1552 iamiam
2283 1514 2434 1565 paucis

374 1578 525 1624 verbis
555 1591 663 1633 opus
695 1582 779 1635 est,
810 1582 861 1622 ut
890 1591 965 1622 eos
997 1578 1207 1635 refellam,
1252 1579 1407 1632 quibus
1440 1578 1752 1622 Hadrianum
1793 1592 1869 1632 pro
1910 1579 2029 1622 exilii
2065 1584 2243 1624 auctore
2274 1582 2434 1626 habere

373 1650 553 1704 placuit.
614 1650 814 1693 Vitarum
855 1650 1027 1703 quidem
1057 1650 1319 1693 testimoniis
1358 1662 1574 1704 caremus,
1617 1649 1694 1691 sed
1730 1662 1876 1691 earum
1915 1648 2134 1692 silentium
2171 1651 2331 1695 nullius
2363 1657 2434 1697 est

372 1712 592 1764 momenti.
643 1720 799 1774 Itaque
819 1721 1085 1763 recentiores
1106 1733 1205 1775 non,
1235 1721 1273 1763 si
1295 1720 1510 1774 neglectis
1532 1720 1638 1762 vitis
1660 1720 1713 1762 de
1733 1719 1955 1762 Hadriano
1978 1720 2239 1776 cogitarunt,
2271 1722 2432 1767 idcirco

372 1790 654 1846 vituperandi
691 1793 806 1835 sunt.
874 1790 1089 1845 Imprimis
1126 1789 1406 1835 Heimichius
1437 1789 1501 1845 Π,
1539 1790 1589 1834 21
1633 1792 1678 1834 et
1715 1788 1763 1833 Ο.
1802 1788 2069 1833 Ribbeckius
2106 1789 2151 1834 in
2187 1792 2324 1845 praef.
2364 1794 2431 1838 ed.

373 1873 476 1919 pag.
498 1861 590 1906 ΧΠ
620 1861 697 1920 (cf.
720 1861 798 1906 der
828 1861 954 1906 echte
985 1861 1074 1906 und
1103 1861 1291 1906 unechte
1310 1860 1504 1912 Juvenal
1525 1872 1626 1916 pag.
1650 1859 1723 1915 69)
1755 1859 2067 1915 relegationem
2088 1860 2144 1905 ad
2164 1861 2433 1908 Hadrianum

373 1933 638 1975 detulerunt.
700 1933 788 1976 Sed
816 1932 1069 1988 Heinrichio
1099 1932 1399 1987 impugnatum
1420 1931 1506 1975 iam
1538 1933 1609 1975 est
1639 1943 1665 1975 a
1696 1929 1741 1975 C.
1774 1929 1826 1974 F.
1860 1929 2107 1975 Hermanno
2134 1931 2162 1976 1.
2186 1932 2214 1977 l.
2236 1945 2337 1988 pag.
2365 1936 2434 1990 19,

372 2015 401 2046 a
431 2015 515 2058 quo
546 2014 727 2046 caussas
759 2003 815 2045 ad
845 2003 1190 2057 persuadendum
1220 2002 1345 2046 nobis
1367 2001 1551 2046 maxime
1582 2001 1758 2045 idoneas
1791 2000 2074 2056 sagacissime
2100 2001 2303 2048 inventas
2336 2017 2434 2050 esse

372 2077 510 2128 patet.
571 2074 815 2135 Universae
847 2086 922 2116 eas
953 2070 1104 2116 attulit
1135 2073 1368 2116 Teuffelius
1399 2073 1427 2116 1.
1456 2073 1484 2115 l.
1516 2085 1616 2126 pag.
1645 2073 1726 2114 112
1750 2084 1842 2125 sqq.
1905 2071 2048 2127 Quare
2080 2085 2162 2129 ego
2193 2074 2258 2117 ita
2288 2087 2435 2119 earum

372 2145 588 2189 delectum
630 2145 863 2200 adhibebo,
904 2148 954 2187 ut
990 2145 1218 2187 nonnullas
1261 2147 1432 2187 tantum
1470 2156 1630 2196 easque
1670 2143 1954 2197 gravissimas
1995 2144 2066 2186 hic
2103 2144 2293 2188 afferam.
2368 2147 2434 2190 Ac

371 2216 555 2269 primum
584 2215 639 2258 de
659 2215 872 2258 histrione
904 2216 983 2257 sub
1005 2215 1229 2257 Hadriano
1260 2215 1428 2268 potenti
1449 2214 1556 2256 nihil
1578 2217 1770 2269 constat3
1803 2226 1928 2266 quem
1949 2214 2063 2257 enim
2095 2227 2241 2258 secum
2264 2229 2434 2270 semper

371 2286 534 2329 habere
566 2286 736 2329 solebat
766 2285 1015 2329 Hadrianus
1054 2289 1100 2329 et
1131 2286 1225 2329 vita
1256 2285 1507 2328 defunctum
1544 2284 1814 2328 muliebriter
1844 2284 1967 2327 flevit
2006 2273 2267 2340 summisque
2300 2287 2433 2331 coluit

371 2356 632 2412 honoribus,
668 2356 884 2399 Antinous
916 2356 1204 2409 pantomimus
1236 2368 1322 2399 non
1352 2355 1455 2410 fuit,
1501 2355 1579 2398 sed
1610 2354 1863 2398 adolescens
1896 2356 2209 2399 venustissima
2240 2357 2431 2411 corporis

369 2425 510 2470 forma
551 2426 759 2481 insignis,
803 2425 961 2479 „nimia
1000 2426 1214 2468 Hadriani
1252 2426 1484 2479 voluptas“
1533 2424 1695 2478 (Spart.
1733 2424 1811 2467 vit.
1854 2425 1989 2469 Hadr.
2029 2438 2122 2480 cap.
2159 2428 2253 2482 14l3
2306 2439 2431 2480 quem

369 2501 517 2541 tamen
559 2507 779 2549 nunquam
814 2499 864 2537 ut
899 2495 1015 2538 Nero
1052 2499 1098 2539 et
1134 2495 1407 2538 Domitianus
1454 2494 1689 2537 histriones
1733 2508 1833 2538 suos
1874 2499 1920 2539 et
1954 2499 2005 2539 ut
2045 2496 2140 2550 ipse
2180 2497 2431 2541 Hadrianus

368 2566 599 2610 Attianum
628 2567 702 2609 vel
739 2566 967 2609 'ratianum
1013 2566 1113 2619 (Dio
1145 2566 1267 2609 Cass.
1301 2565 1475 2621 LXIX,
1521 2566 1583 2621 l),
1627 2565 1839 2608 hominem
1882 2567 2108 2620 quemdam
2139 2580 2193 2611 ex
2236 2568 2431 2621 equestri

370 2638 540 2694 ordine,
585 2637 659 2691 qui
696 2637 911 2690 quondam
947 2639 1067 2680 tutor
1104 2637 1197 2680 eius
1234 2636 1398 2693 fuerat,
1443 2636 1606 2691 (Spart.
1644 2635 1723 2679 vit.
1763 2648 1857 2691 cap.
1890 2640 1917 2680 4
1955 2637 2010 2681 cf.
2050 2650 2144 2692 cap.
2178 2639 2222 2693 9)
2260 2638 2430 2693 imperii

369 2712 615 2752 consortem
645 2708 765 2751 fecit.
817 2707 987 2750 Deinde
1017 2708 1193 2750 nimium
1214 2708 1421 2761 temporis
1453 2707 1570 2749 inter
1590 2719 1746 2749 versus
1777 2707 1873 2750 illos
1895 2708 2054 2751 fatales
2086 2709 2267 2761 primum
2288 2708 2429 2751 factos

369 2782 417 2821 et
448 2781 661 2831 septimae
682 2778 846 2821 satirae
876 2778 1065 2820 insertos
1097 2777 1297 2831 interest,
1329 2789 1469 2828 neque
1502 2789 1659 2818 caussa
1678 2777 1767 2818 ulla
1796 2777 2016 2819 inserendi
2048 2778 2233 2832 cogitari
2260 2781 2427 2834 potest,

367 2852 461 2893 tum
480 2848 582 2892 libri
613 2849 758 2902 quarti
779 2849 955 2904 satirae,
988 2861 1096 2900 quas
1119 2849 1198 2890 sub
1220 2848 1443 2890 Hadriano
1465 2847 1653 2899 scriptas
1675 2861 1773 2890 esse
1795 2851 1960 2890 certum
1982 2852 2064 2903 est,
2097 2852 2187 2890 tam
2208 2849 2428 2890 diversum

369 2918 547 2973 sapiunt
565 2918 754 2962 furorem
786 2919 1022 2973 satiricum,
1053 2921 1103 2960 ut
1134 2918 1362 2971 septimam
1384 2917 1565 2960 satiram
1595 2916 1755 2960 maiore
1785 2918 1992 2971 temporis
2014 2917 2245 2961 intervallo
2276 2919 2331 2960 ab
2363 2918 2427 2960 eis

368 2985 525 3032 abesse
555 2992 780 3043 appareat.
843 2989 1003 3032 Omnes
1035 2989 1116 3031 hae
1149 3001 1330 3031 caussae
1361 2988 1458 3040 plus
1495 2987 1697 3030 momenti
1733 2988 1915 3042 habent,
1963 3001 2089 3040 quam
2120 2991 2170 3030 ut
2201 2988 2427 3039 quisquam

366 3057 584 3115 refragari
605 3058 670 3104 eis
691 3059 846 3115 possit,
867 3071 1007 3112 neque
1027 3059 1152 3112 plura
1173 3058 1237 3102 eis
1259 3058 1476 3102 addantur
1495 3070 1675 3101 necesse
1697 3062 1778 3101 est.
1831 3058 1973 3101 Unum
1994 3062 2137 3102 autem
2158 3059 2239 3101 hoc
2261 3070 2424 3101 moneo.
