2774 3681
277 381 281 387 ’
315 390 318 393 ’
345 384 459 432 Nam
489 386 641 432 civitas
676 386 800 432 Oasis
832 388 925 432 sine
956 362 1084 432 dubio
1117 389 1268 432 eadem
1300 392 1379 439 est,
1412 401 1523 443 quae
1555 401 1712 442 magna
1745 387 1866 431 Oasis
1906 389 2034 444 vulgo
2066 389 2310 442 vocabatur,
2343 389 2411 432 vel
2444 384 2448 387 ’

323 469 404 516 -ea
426 456 526 504 'fere
540 458 734 516 Aegypti
761 459 899 513 regio,
931 458 1003 503 ubi
1035 459 1090 503 ad
1112 459 1255 503 Nilum
1287 460 1371 503 sita
1402 464 1466 502 est
1498 459 1600 502 urbs
1621 458 1822 516 Tentyra.
1855 459 1991 502 Nemo
2021 461 2156 513 igitur
2185 462 2280 511 erit,
2313 460 2412 515 quin

347 528 425 575 cur
454 528 579 574 Oasis
608 532 786 574 vocetur
811 530 1051 585 intellegat.
1085 530 1135 575 In
1166 530 1300 575 satira
1322 530 1433 574 enim
1455 528 1532 573 XV
1554 529 1877 584 Tentyritarum
1905 534 1949 573 et
1968 520 2236 576 Ombitarum
2268 544 2412 586 pugna

347 600 614 655 describitur,
639 613 751 657 quae
781 612 876 646 cum
907 605 1130 656 spectante
1151 601 1179 646 J
1181 602 1358 647 uvenale
1382 626 1441 634 -
1466 601 1509 644 id
1541 601 1655 645 enim
1686 613 1739 645 ex
1768 605 1846 644 sat.
1868 601 1959 654 XV,
1984 602 2042 645 45
2064 606 2300 658 „quantum
2320 602 2413 657 ipse

347 670 522 717 noiaw
542 662 834 727 collegebatur
867 697 919 703 —
954 672 1155 727 Tentyris
1187 674 1413 717 commissa
1444 685 1537 716 esse
1569 676 1807 727 putaretur,
1831 672 1937 715 nihil
1959 671 2126 716 facilius
2147 672 2240 717 fieri
2261 673 2410 727 potuit,

235 763 240 768 ·
296 767 299 770 -
352 738 483 798 quam
514 748 576 796 ut,
610 744 684 798 qui
713 744 900 799 Aegypti
930 744 1127 796 regiones
1160 745 1399 787 accuratius
1430 747 1716 799 pernosceret,
1750 746 1921 797 poetam
1952 744 1996 786 in
2018 742 2165 788 Oasim
2196 744 2411 788 civitatem

326 818 329 822 '
352 815 541 858 missum.
561 826 658 858 esse
686 818 912 857 statueret.
945 813 1104 858 Definit
1123 815 1258 869 igitur
1279 815 1506 858 scholiasta
1527 814 1570 856 id
1593 814 1706 868 quod
1728 814 1772 856 in
1795 814 1883 857 vita
1904 815 2128 858 invenerat
2151 819 2412 870 „extremam

353 884 541 941 Aegypti
570 884 782 940 partem.“
820 884 982 928 Contra
1012 885 1047 928 si
1079 884 1204 928 Oasis
1235 886 1334 929 vitis
1365 886 1467 940 ipsis
1499 885 1706 929 vetustior
1737 889 1861 937 esset,
1895 885 2020 929 valde
2044 885 2233 939 profecto
2255 886 2412 929 miran-

356 956 457 1001 dum
489 960 725 1009 esset‚''cur
755 967 840 999 non
871 956 915 999 in
945 955 1055 999 hanc
1083 955 1150 999 vel
1182 956 1301 1000 illam
1332 958 1465 1001 vitam
1496 957 1749 1011 irrepsisset.
1782 955 1923 1008 Quid?
1955 956 2068 1011 quod
2098 957 2415 1011 perversissime

313 1069 316 1072 ,
351 1028 580 1073 scholiasta
599 1027 854 1071 Juvenalem
887 1040 913 1071 a
944 1028 1189 1071 Domitiano
1222 1029 1444 1083 expulsum
1475 1030 1517 1072 in
1549 1028 1673 1072 exilio
1704 1028 1860 1072 satiras
1893 1028 2110 1082 scripsisse
2141 1028 2255 1072 dicit.
2298 1028 2412 1072 Mar-

352 1100 471 1145 tialis
502 1100 616 1144 enim
647 1099 769 1143 testis
800 1102 878 1151 est,
912 1111 1010 1142 eum
1042 1099 1226 1142 Traiano
1258 1104 1468 1153 regnante
1499 1100 1659 1142 Romae
1691 1099 1819 1143 fuisse
1851 1100 1905 1151 (v.
1939 1111 2036 1152 pag.
2069 1098 2126 1141 22
2157 1101 2250 1152 sq).

494 1170 690 1215 Alterum
720 1169 907 1214 scholion
940 1174 1081 1214 exstat
1114 1170 1168 1213 ad
1200 1174 1280 1213 sat.
1316 1171 1388 1223 1V,
1413 1170 1491 1214 37:

503 1239 886 1295 VLTIMVSJmc
903 1241 1133 1283 convicium
1155 1242 1203 1283 in
1227 1240 1302 1283 Fl.
1324 1240 1750 1292 Domitianum,·Titi
1772 1241 1963 1294 frat-rem,
1996 1239 2249 1294 Vespasiani
2272 1240 2411 1294 filium

352 1315 497 1369 iactat,
537 1313 612 1366 qui
652 1311 799 1354 calvus
836 1311 924 1364 fuit
946 1315 1171 1365 propterea
1212 1312 1321 1366 quod
1360 1308 1586 1354 Juvenalis
1625 1312 1701 1354 sub
1740 1311 1876 1365 specie
1915 1310 2085 1354 honoris
2114 1310 2323 1365 releyatus
2353 1315 2413 1353 est

281 1425 284 1428 .
355 1380 415 1427 ad
453 1383 633 1427 cohortis
670 1395 818 1425 curam
857 1382 904 1424 in
934 1381 1123 1437 Aeyypto
1163 1382 1324 1435 Hoasa,
1366 1383 1438 1425 ubi
1478 1387 1667 1426 mortuus
1706 1386 1776 1426 est.
1810 1382 2007 1426 ultimum
2038 1385 2176 1425 autem
2209 1382 2412 1425 Neronem

354 1456 463 1498 dicit
492 1455 595 1509 quia
626 1454 701 1495 illo
735 1452 965 1496 Caesarum
997 1454 1112 1509 oriyo
1143 1453 1303 1507 defecit.

497 1525 682 1567 Dubium
714 1536 797 1566 non
829 1529 906 1576 est,
941 1524 1043 1577 quin
1075 1524 1207 1566 verba
1240 1529 1501 1579 „propterea
1533 1524 1644 1578 quod
1681 1548 1728 1553 —
1764 1528 1957 1567 mortuus
1988 1526 2081 1567 est“
2115 1536 2140 1566 a
2179 1524 2412 1577 posteriore

355 1610 486 1641 manu
524 1595 622 1638 huic
652 1594 810 1637 scholio
850 1595 992 1637 insuta
1024 1595 1121 1637 sint.
1155 1596 1204 1637 Id
1236 1608 1286 1638 eo
1318 1596 1619 1649 comprobatur
1650 1596 1902 1647 testimonie,
1934 1595 2059 1650 quod,
2092 1595 2128 1637 si
2166 1594 2295 1637 verba
2331 1594 2414 1636 ista

354 1668 525 1712 omnino
566 1679 590 1709 e
629 1666 785 1709 scholio
826 1666 1048 1718 excideris,
1088 1670 1180 1708 tota
1221 1668 1434 1709 sententia
1471 1667 1602 1709 multo
1643 1666 1791 1709 melius
1832 1666 2037 1720 procedit.
2071 1665 2192 1717 Vide,
2233 1676 2411 1719 quaeso:

355 1738 464 1792 „hoc
494 1737 727 1780 convicium
759 1738 802 1781 in
834 1737 897 1779 Fl.
930 1737 1221 1780 Domitianum
1253 1739 1401 1790 iactat,
1436 1739 1508 1792 qui
1541 1738 1682 1781 calvus
1706 1737 1795 1781 fuit.
1820 1738 2015 1781 ultimum
2038 1740 2181 1780 autem
2203 1735 2414 1779 Neronem

355 1810 466 1869 dixit
495 1809 596 1863 quia
630 1841 637 1848 .
676 1841 683 1848 .
720 1812 759 1850 .“
793 1809 872 1850 Illa
904 1810 1033 1850 verba
1065 1810 1100 1850 si
1133 1810 1416 1861 intercedunt,
1450 1810 1565 1852 haud
1596 1810 1698 1852 levis
1729 1809 1776 1852 fit
1807 1808 2117 1852 sententiarum
2149 1819 2283 1851 nexus
2319 1817 2415 1861 per-

355 1880 567 1939 turbatim
602 1883 730 1932 atque
769 1879 875 1921 adeo
917 1892 1062 1922 merae
1099 1882 1301 1923 eveniunt
1331 1881 1531 1934 ineptiae.
1575 1880 1671 1923 Sive
1703 1881 1812 1922 enim
1846 1879 1952 1934 legis
1989 1892 2083 1921 cum
2115 1879 2304 1931 Pithoe0‚
2345 1880 2416 1932 qui

355 1955 503 1996 tamen
535 1950 640 1993 false
662 1950 894 1993 coniecisse
915 1951 1101 1994 videtur:
1135 1956 1339 2006 „propter
1371 1951 1515 2006 quod,“
1539 1964 1770 2005 pronomen
1803 1951 1972 2004 ‚‚quod“
1995 1950 2173 1993 relative
2202 1950 2257 1993 ad
2279 1951 2418 1993 convi-

359 2023 471 2066 cium
511 2022 698 2075 respicit,
738 2022 861 2075 quasi
904 2026 1080 2075 propter
1119 2023 1212 2064 illos
1250 2027 1430 2076 quartae
1471 2023 1633 2065 satirae
1671 2034 1816 2064 versus
1847 2022 2067 2064 Juvenalis
2098 2022 2314 2075 relegatus
2346 2021 2414 2072 sit,

357 2093 471 2147 quod
500 2092 639 2152 nullus
669 2104 802 2135 sanae
833 2093 986 2135 inentis
1019 2093 1142 2135 homo
1175 2094 1352 2135 credere
1384 2095 1536 2145 potuit,
1571 2093 1741 2134 minime
1772 2094 1820 2143 is,
1855 2094 1926 2145 qui
1958 2095 1999 2134 in
2032 2094 2155 2134 exilio
2186 2105 2282 2134 eum
2305 2104 2414 2133 mor-

356 2167 480 2208 tuum
501 2175 592 2207 esse
614 2164 809 2218 putaret;
847 2163 935 2207 Sive
967 2163 1185 2217 vulgatam
1217 2165 1395 2208 retines:
1430 2168 1680 2217 „propterea
1705 2163 1851 2217 quodf‘
1878 2167 2042 2205 statuas
2074 2177 2244 2205 necesse
2276 2167 2355 2204 est.
2372 2169 2412 2203 et

358 2238 557 2295 quartam
589 2237 633 2277 et
662 2238 827 2279 ceteras
858 2234 1015 2278 satiras
1046 2238 1142 2289 post
1174 2234 1350 2278 satiram
1382 2234 1621 2289 septimam,
1648 2234 1762 2278 cuius
1783 2233 1938 2277 fatales
1966 2234 2026 2277 illi
2048 2248 2192 2277 versus
2215 2234 2415 2287 principis

358 2305 561 2349 invidiam
594 2308 638 2347 et
669 2304 840 2347 exilium
872 2305 913 2348 ei
944 2303 1252 2358 conflavissent,
1286 2306 1329 2349 in
1361 2305 1485 2349 exilio
1518 2318 1543 2349 a
1576 2309 1702 2359 poeta
1733 2305 1911 2360 scriptas
1944 2318 2046 2348 esse.
2081 2305 2414 2357 Utramcumque

357 2375 615 2430 praetuleris
639 2375 875 2426 lectionem,
900 2375 1193 2429 deprehendes
1215 2376 1568 2430 interpolatorem
1591 2375 1867 2419 temerarium
1891 2373 2019 2429 atq'ue
2040 2375 2269 2419 credulum.
2294 2373 2414 2418 Adde

357 2446 472 2500 quod
502 2446 752 2487 vocabulum
781 2447 836 2497 „J
840 2447 1058 2487 uvenalis“
1092 2447 1217 2499 plane
1250 2451 1314 2489 est
1335 2459 1697 2499 supervacaneum
1720 2450 1764 2488 et
1785 2447 1897 2500 quod
1919 2458 2091 2500 prorsus
2113 2447 2264 2488 eadem
2287 2446 2415 2487 verba

356 2516 553 2565 redeunt,
586 2528 697 2569 quae
728 2516 769 2557 in
802 2516 889 2557 vita
921 2516 979 2557 IV
1011 2517 1285 2559 inveniuntur
1316 2517 1420 2568 „sub
1453 2518 1594 2570 specie
1625 2516 1844 2558 honoris“:
1878 2517 2100 2570 intelleges
2131 2521 2266 2559 totam
2297 2515 2413 2557 illam

358 2586 543 2641 glossam
576 2599 601 2629 a
632 2584 808 2628 librario
841 2586 982 2639 aliquo
1014 2588 1262 2640 posterioris
1295 2588 1465 2636 aetatis,
1499 2588 1572 2641 qui
1603 2587 1779 2630 scientia
1817 2601 1893 2629 sua
1933 2588 2074 2630 laetus
2116 2588 2212 2630 novi
2254 2587 2413 2640 aliquid

357 2655 517 2701 inferre
559 2660 719 2709 averet,
743 2656 964 2708 ‘consultis
1006 2658 1113 2709 vitis,
1147 2659 1331 2702 maxime
1373 2658 1555 2702 fortasse
1596 2658 1685 2701 vita
1716 2658 1787 2709 lv,
1821 2664 1981 2701 temere
2012 2665 2056 2702 et
2087 2671 2238 2712 parum
2271 2658 2414 2699 critice

358 2811 502 2846 nomine
535 2809 746 2847 Helviorum
780 2814 1030 2854 commutasse,
1068 2822 1174 2854 quam
1216 2818 1358 2854 gentem
1394 2812 1567 2846 celticam
1603 2811 1742 2846 Galliae
1780 2811 1987 2855 provinciae
2022 2821 2102 2846 esse
2127 2812 2260 2847 scimus
2297 2810 2415 2855 (Caes.

359 2868 400 2903 B.
428 2867 470 2903 G.
496 2868 576 2914 VII,
603 2869 689 2915 7‚5).
715 2868 906 2904 Librarius
933 2874 1054 2903 autem
1079 2869 1226 2914 aliquis,
1255 2870 1318 2915 qui
1345 2869 1408 2906 illo
1435 2869 1513 2906 loco
1539 2869 1680 2914 legebat
1720 2875 1843 2915 petere
1868 2881 1889 2906 a
1914 2870 2088 2906 Juvenale
2114 2869 2349 2913 Umbricium‚
2376 2874 2415 2905 ut

360 2928 480 2972 ipsum
503 2928 550 2962 ad
576 2927 764 2962 Helvinam
782 2927 950 2963 Cererem
975 2934 1213 2972 converteret,
1241 2930 1375 2973 quique
1401 2930 1554 2973 putabat
1582 2929 1653 2963 illis
1674 2929 1791 2964 verbis
1810 2929 1926 2964 locum
1945 2928 2135 2974 quemdam
2153 2930 2189 2965 in
2207 2927 2415 2965 Helviorum

361 2984 494 3022 finibus
525 2987 633 3022 situm
661 2986 873 3030 significari,
901 2987 1008 3022 facile
1034 2988 1133 3022 illam
1158 2990 1238 3022 Juv.
1266 2990 1424 3032 patriam
1450 2999 1529 3022 esse
1555 2989 1718 3022 coniecit.
1755 2989 1874 3022 Verba
1900 2994 2020 3022 autem
2046 2994 2223 3033 „propter
2248 2989 2412 3033 corporis

362 3044 672 3091 magnit-udinem“
706 3043 869 3082 fortasse
903 3056 947 3082 ex
983 3045 1094 3082 schol.
1119 3045 1217 3090 VIII,
1243 3045 1311 3083 251
1340 3046 1505 3092 sumpsit,
1543 3046 1604 3081 ubi
1641 3046 1734 3082 Galli
1772 3048 1857 3091 ..qui
1886 3053 1923 3081 ut
1952 3049 2099 3092 saepius
2125 3048 2327 3090 antiquitus
2354 3047 2414 3090 (cf.

361 3104 407 3147 X,
434 3104 523 3147 2823
551 3103 613 3147 XI,
642 3105 723 3149 112)
751 3115 771 3139 a
799 3104 988 3140 Germanis
1014 3115 1082 3140 non
1110 3105 1365 3141 discernuntur
1392 3105 1545 3150 ..arandi
1573 3107 1738 3142 statura“
1765 3105 1935 3141 dicuntur
1961 3107 2076 3142 esse.“
