2774 3681
1241 304 1535 348 „23—

362 435 436 481 illa
466 433 679 478 Martialis
699 431 1015 490 epigrammata
1036 435 1209 490 sprevit,
1233 434 1278 480 id
1298 436 1442 489 miror,
1465 436 1577 491 quod
1599 449 1651 481 ex
1673 436 1752 481 hec
1773 436 1949 481 fortuito
1971 436 2099 481 verbo
2121 437 2236 482 vitae
2256 437 2328 481 VI.
2347 435 2420 481 fir-

363 502 478 550 mum
494 503 667 560 aliquod
691 510 990 560 argumentum
1008 505 1259 562 depromere
1275 506 1421 551 voluit.
1439 507 1639 551 Etenim
1627 519 1721 562 ipsa
1738 519 1790 552 ea
1812 507 1912 561 vita,
1932 518 2044 562 quae
2062 508 2249 563 priorem
2264 508 2419 553 satira-

362 589 457 622 rum
479 576 710 621 editionem
738 577 977 632 significare
1001 578 1188 631 videtur,
1206 582 1350 623 tamen
1382 591 1409 623 a
1429 579 1613 623 Traiano
1645 578 1730 623 fert
1760 577 2015 623 ,Iuvenalem
2045 579 2151 624 urbe
2169 579 2416 635 depulsum

363 648 474 704 quod
496 649 782 692 testimonium
796 648 1065 693 Hermannus
1085 650 1351 704 contempsit.
1370 650 1602 695 Praeterea
1617 650 1661 694 in
1677 650 1766 694 vita
1779 650 1829 703 V,
1846 661 1957 704 quae
1975 649 2146 705 quidem
2161 650 2313 696 eadem
2328 649 2417 696 fere

363 723 428 764 est
448 730 498 763 ac
511 719 602 763 vita
618 719 688 773 VI,
707 720 832 764 claris
856 720 997 765 verbis
1013 723 1154 766 exstat
1176 721 1415 777 „quaedam
1437 721 1625 766 carmina
1651 720 1816 766 fecit.“
1835 720 1980 773 Vides,
2003 732 2132 776 quam
2149 720 2418 767 Hermannus

363 795 524 833 certam
539 790 750 833 rationem
767 792 810 833 in
831 791 1082 835 adhibendis
1102 792 1202 835 vitis
1223 803 1306 835 non
1326 795 1497 835 secutus
1513 792 1580 844 sit,
1598 803 1692 835 cum
1709 804 1788 846 pro
1810 792 1988 836 arbitrio
2003 803 2080 835 suo
2101 791 2188 835 alia
2207 792 2414 855 repudiet,
2480 833 2483 835 .

364 861 448 904 alia
484 861 677 915 arripiat.
700 861 870 904 Rectius
898 866 1014 906 certe
1037 862 1241 906 Weberus
1272 863 1374 917 egit,
1407 862 1474 906 cui
1495 865 1639 906 tamen
1661 874 1744 906 non
1766 863 1906 907 minus
1926 861 2250 918 inpugnandum
2274 866 2354 907 est.
2375 862 2417 907 Is

362 932 389 973 J
391 928 532 973 ustum
554 932 744 985 Lipsium
761 938 976 976 auctorem
997 934 1179 976 laudans
1195 934 1222 976 l.
1241 934 1268 975 l.
1286 945 1385 987 pag.
1404 934 1488 975 227
1512 934 1575 976 ita
1596 935 1781 988 exponit,
1804 934 1832 977 J
1834 934 2057 976 uvenalem
2077 933 2243 976 occulte
2263 934 2418 976 satiras

362 1003 644 1056 composuisse
665 1005 1001 1059 compositasque
1022 1016 1106 1047 non
1125 1005 1330 1047 recitasse
1350 1004 1430 1046 nisi
1453 1015 1597 1047 coram
1620 1005 1871 1048 amicissimo
1894 1004 2119 1054 auditorio,
2142 1003 2217 1047 sed
2239 1003 2418 1048 amale-

362 1073 454 1114 volo
487 1073 630 1126 aliquo
660 1073 829 1116 homine
871 1075 1087 1129 proditum
1127 1078 1369 1129 suspectum
1407 1086 1500 1118 esse
1539 1075 1768 1129 redditum,
1811 1075 1924 1118 unde
1963 1074 2163 1118 effectum
2203 1079 2328 1129 esset,
2369 1079 2419 1119 ut

362 1145 518 1187 Paride
550 1150 721 1189 auctore
753 1159 779 1189 a
799 1147 1041 1190 Domitiano
1074 1147 1178 1190 urbe
1209 1151 1559 1190 summoveretur.
1590 1147 1657 1190 Ad
1688 1160 1782 1190 eam
1813 1148 2053 1202 opinionem
2085 1147 2310 1202 quominus
2339 1159 2420 1202 ego

362 1217 573 1265 accedam,
596 1217 832 1270 impediunt
862 1218 1071 1270 imprimis
1103 1218 1253 1261 eadem
1284 1218 1358 1260 illa
1388 1218 1598 1260 Martialis
1619 1218 1878 1270 testimonia,
1903 1219 2062 1271 quippe
2081 1219 2419 1272 quaeextremis

360 1287 594 1331 Domitiani
625 1288 886 1341 temporibus
917 1294 1087 1342 poetam
1118 1289 1279 1331 Romae
1299 1293 1515 1332 versatum
1545 1301 1640 1332 esse
1661 1289 1969 1332 demonstrent.
1994 1289 2158 1332 Deinde
2185 1289 2417 1332 verisimile

362 1369 444 1401 non
476 1361 553 1410 est,
588 1362 635 1401 ut
667 1370 715 1402 eo
747 1363 950 1412 tempore,
985 1372 1067 1413 quo
1098 1359 1439 1412 declamationes,
1472 1373 1567 1403 cum
1607 1358 1698 1403 fere
1728 1372 1873 1403 omnes
1908 1359 2098 1414 principe
2138 1361 2230 1414 ipso
2268 1359 2417 1404 literas

362 1428 604 1473 detestante
621 1430 821 1482 graviora
843 1430 985 1473 studia
1007 1430 1271 1481 abiecissent,
1288 1429 1440 1474 florere
1461 1430 1547 1473 iam
1570 1429 1798 1482 desierant,
1822 1433 1871 1473 ut
1891 1429 1936 1472 in
1957 1432 2079 1473 tanta
2099 1430 2232 1482 igitur
2252 1433 2415 1484 tempo-

361 1510 457 1543 rum
489 1498 725 1543 acerbitate
755 1499 781 1543 J
785 1500 975 1544 uvenalis
1006 1504 1095 1544 tam
1128 1500 1331 1555 ancipitia
1361 1502 1562 1555 poemata
1592 1499 1809 1544 recitaret.
1844 1498 1917 1544 Sin
1949 1511 2049 1545 vero
2081 1499 2293 1555 recitavit,
2324 1499 2416 1544 sine

363 1569 488 1614 dubio
516 1570 723 1614 malevolo
754 1570 867 1614 nullo
890 1571 1071 1615 admisso
1103 1571 1165 1616 eis
1194 1571 1293 1616 solis
1326 1571 1662 1625 communicavit,
1687 1570 1837 1627 quibus
1868 1570 2017 1616 liceret
2038 1568 2262 1616 confidere.
2285 1570 2415 1616 Deni-

363 1652 444 1692 que
475 1642 616 1693 opinio
647 1642 774 1694 vulgo
806 1646 992 1695 recepta,
1027 1654 1112 1695 qua
1132 1643 1350 1684 ²Iuvenalis
1382 1646 1504 1683 extra
1534 1643 1717 1695 primam
1743 1642 1923 1683 satiram
1954 1652 2227 1696 quascunque
2260 1642 2415 1685 satiras

360 1711 522 1765 primus
549 1711 656 1754 liber
686 1713 910 1765 contineat,
938 1725 1010 1755 eas
1031 1712 1108 1755 sub
1129 1712 1361 1756 Domitiani
1382 1713 1560 1767 imperio
1581 1713 1874 1767 conscripsisse
1894 1712 2094 1765 creditur,
2117 1712 2223 1755 mihi
2243 1712 2415 1767 quidem

361 1794 444 1824 non
475 1783 580 1825 satis
611 1783 828 1836 probatur.
863 1783 970 1825 Nam
1002 1796 1097 1826 cum
1128 1797 1151 1826 e
1183 1783 1385 1826 vocabulo
1409 1783 1650 1838 „facundi“,
1675 1783 1786 1837 quod
1809 1787 1875 1825 est
1897 1784 2009 1837 apud
2031 1783 2288 1833 Martialem,
2316 1796 2412 1826 eum

360 1853 508 1896 ultimo
534 1854 766 1897 Domitiani
797 1868 929 1908 regno
961 1869 986 1897 a
1008 1855 1206 1897 Martiale
1237 1868 1315 1908 pro
1347 1855 1633 1897 declamatore
1663 1855 1885 1897 etiamtum
1906 1854 2100 1896 habitum
2121 1867 2215 1898 esse
2240 1867 2412 1909 cognos-

361 1938 517 1978 camus,
550 1939 730 1981 cumque
760 1940 811 1970 ex
842 1928 984 1970 taedio
1015 1927 1290 1981 pristinorum
1326 1927 1562 1970 studiorum
1598 1926 1935 1981 insulsorumque
1965 1930 2190 1980 poetarum
2222 1928 2412 1981 Augusto

362 2010 505 2041 mense
533 1999 818 2044 recitantium,
842 1999 966 2053 quod,
999 2004 1278 2054 posteaquam
1306 2011 1355 2041 eo
1376 1999 1515 2053 coepit
1537 1998 1792 2051 „decurrere
1813 2010 1959 2051 campo
1979 1998 2064 2040 Per
2084 1994 2209 2052 quem
2234 2009 2413 2052 magnus

361 2081 490 2123 equos
523 2071 748 2113 Auruncae
780 2070 897 2113 flexit
928 2070 1150 2113 alumnus“
1173 2074 1324 2124 aperte
1356 2069 1593 2121 confitetur,
1617 2070 1858 2121 clarissime,
1882 2069 2042 2122 opinor,
2067 2074 2289 2123 appareat,
2313 2081 2410 2113 eum

360 2141 402 2182 in
430 2141 747 2195 promulgandis
778 2143 919 2184 satiris
951 2142 1123 2183 minime
1154 2141 1487 2184 declamatorum
1518 2153 1635 2184 more
1668 2152 1789 2183 usum
1821 2152 1932 2183 esse:
1966 2140 2059 2182 iure
2091 2151 2184 2183 meo
2215 2152 2268 2183 ea
2297 2141 2342 2183 in
2362 2152 2409 2183 re

359 2213 626 2255 coniecturae
657 2212 718 2254 illi
740 2212 914 2255 credere
935 2212 1094 2264 videor,
1119 2224 1247 2266 quam
1274 2213 1456 2265 scriptor
1485 2213 1600 2255 vitae
1621 2213 1679 2254 IV
1702 2212 1972 2265 exprompsit,
1996 2211 2247 2270 Juvenalem
2267 2211 2409 2255 invehi

359 2284 402 2325 in
433 2284 647 2326 cineres
677 2283 922 2327 Domitiani.
946 2283 998 2325 Ei
1020 2276 1258 2326 sententiae
1288 2283 1389 2336 quid
1421 2283 1595 2326 tandem
1625 2281 1797 2326 obstat?
1827 2282 1946 2333 Quod
1977 2282 2020 2324 in
2050 2281 2260 2325 nonnullis
2281 2283 2409 2336 primi

359 2355 456 2396 libri
489 2357 632 2398 satiris
672 2360 736 2409 (ut
776 2356 828 2407 II,
864 2354 1037 2396 29-33
1078 2355 1280 2408 aliasque,
1314 2354 1364 2397 cf.
1398 2354 1667 2408 Synnerberg
1705 2365 1803 2407 pag.
1836 2353 1890 2394 59
1922 2365 2011 2407 sqq.
2053 2356 2099 2396 et
2135 2357 2214 2395 sat.
2247 2352 2322 2403 ΙΙΙ,
2355 2354 2405 2397 cf.

359 2425 564 2478 Synnerb.
597 2438 695 2480 pag.
730 2426 784 2468 62
817 2428 927 2480 sqq.)
958 2438 1027 2468 res
1058 2427 1135 2468 sub
1166 2425 1408 2467 Domitiano
1440 2429 1588 2478 gestae
1619 2428 1859 2475 narrantur,
1895 2436 1945 2466 ea
1977 2424 2017 2466 in
2050 2435 2097 2466 re
2129 2423 2233 2465 nihil
2254 2429 2330 2476 est,
2358 2428 2406 2467 ut

359 2497 443 2540 iam
474 2497 717 2540 Domitiano
748 2503 957 2550 regnante
997 2496 1176 2550 scriptas
1218 2507 1291 2539 eas
1331 2507 1559 2539 sumamus.
1593 2495 1694 2538 Illas
1731 2495 1841 2538 enim
1878 2506 1945 2537 res
1986 2494 2116 2537 etiam
2148 2493 2289 2537 Nerva
2329 2495 2406 2537 im-

360 2572 539 2620 perante
570 2569 774 2610 memoria
805 2569 1011 2610 tenebant
1040 2568 1241 2609 homines.
1274 2567 1423 2620 Neque
1459 2566 1676 2608 refutatur
1706 2578 1756 2608 ea
1786 2566 2010 2617 sententia,
2044 2565 2154 2617 quod
2190 2567 2233 2606 in
2265 2566 2408 2607 satiris

358 2637 441 2679 illis
462 2639 617 2680 indicia
639 2639 754 2680 nulla
774 2639 1057 2691 reperiuntur,
1081 2649 1191 2690 quae
1211 2637 1445 2678 Domitiani
1465 2637 1691 2689 imperium
1714 2627 1916 2679 excedere
1938 2647 2009 2677 eas
2031 2640 2227 2687 arguant.
2251 2635 2406 2685 Quam-

360 2720 487 2762 quam
517 2709 561 2751 id
589 2710 632 2752 in
665 2709 820 2752 satiras
852 2709 893 2751 II
924 2712 968 2751 et
999 2708 1062 2750 111
1092 2711 1260 2750 tantum
1292 2707 1490 2760 quadrat,
1523 2718 1634 2760 quae
1667 2706 1794 2760 plane
1824 2705 2030 2748 eiusmodi
2061 2705 2225 2748 indiciis
2245 2711 2405 2757 carent,

358 2791 441 2821 non
472 2780 575 2823 item
607 2780 792 2834 quadrat
823 2780 865 2823 in
897 2780 1050 2823 satiras
1081 2779 1153 2830 IV,
1177 2779 1229 2831 V,
1262 2779 1334 2830 VI,
1369 2790 1478 2833 quae
1509 2778 1652 2831 plures
1683 2778 1927 2831 posterioris
1958 2777 2161 2830 temporis
2182 2783 2303 2819 notas
2333 2788 2406 2821 ex·

357 2847 518 2892 hibent.
552 2850 636 2894 Cur
667 2864 749 2893 non
771 2851 914 2893 Nerva
944 2853 1156 2903 regnante
1188 2862 1237 2893 ac
1257 2849 1550 2894 recentissima
1581 2848 1752 2902 iniquae
1782 2848 2048 2901 tempestatis
2069 2847 2273 2890 memoria
2304 2847 2407 2891 scri·

357 2920 587 2963 berentur‘?
608 2922 742 2963 Multo
774 2921 962 2973 profecto
994 2920 1256 2972 probabilius
1288 2924 1352 2962 est
1383 2922 1601 2962 transacta
1633 2919 1800 2960 demum
1828 2917 2105 2959 crudelissimi
2137 2917 2407 2970 imperatoris

358 2996 502 3034 aetate
538 2994 873 3045 indignationem
904 2993 1033 3043 illam,
1068 3005 1178 3044 quae
1209 2997 1337 3034 antea
1367 2993 1447 3033 nisi
1478 2992 1520 3033 in
1552 2992 1700 3033 intimo
1733 2991 1861 3032 animi
1892 3002 2059 3031 recessu
2091 2993 2292 3032 aestuare
2323 3002 2406 3032 non

358 3062 575 3114 potuisset,
594 3063 960 3107 vehementissime
983 3061 1226 3105 efferbuisse
1247 3066 1292 3105 et
1314 3066 1463 3105 cuneta
1495 3066 1585 3104 tum
1608 3062 1712 3104 vitia
1728 3060 1918 3103 inaudita
1940 3060 2139 3102 libertate
2161 3060 2406 3112 castigasse,

358 3143 487 3184 quam
528 3135 682 3178 satiras
714 3134 807 3177 illas
839 3133 1201 3188 splendidissimas
1233 3133 1416 3187 carptim
1448 3137 1491 3175 et
1532 3132 1692 3175 occulte
1722 3130 1933 3185 perfectas
1964 3142 2042 3183 per
2073 3130 2230 3173 multos
2263 3142 2408 3183 annosa,
