2774 3681
1240 310 1529 351 ..32-

351 442 611 491 Juvenalem
652 440 767 484 enim
798 439 958 482 statuit
998 440 1079 482 sub
1110 438 1324 482 Hadriani
1361 436 1539 491 imperio
1572 436 1740 480 satiras
1781 435 1921 478 denuo
1952 435 2144 480 edendas
2177 435 2414 490 curavisse,

352 524 439 566 qua
467 511 512 554 in
542 509 733 554 editione
764 509 969 564 exiguam
998 508 1118 551 illam
1150 508 1330 551 satiram
1374 508 1429 549 ab
1473 518 1523 548 eo
1565 505 1798 558 repetitam
1829 508 1876 548 et
1916 506 2128 559 septimae
2159 506 2321 550 satirae
2351 505 2415 549 in-
2470 547 2473 550 ,

351 578 518 626 textam
549 592 648 622 esse
680 579 911 623 coniectat.
974 578 1036 620 At
1065 577 1248 631 primum
1278 576 1332 619 de
1363 576 1504 618 altera
1533 574 1724 618 editione
1754 574 1863 617 nihil
1894 578 2083 632 constat,
2116 577 2271 621 deinde
2302 575 2415 629 quod

341 654 438 696 'non
458 650 622 707 debuit,
645 650 866 704 explicare
887 648 1045 704 omisit,
1075 660 1152 690 cur
1170 646 1202 689 J
1203 645 1402 689 uvenalis
1424 646 1504 688 sub
1525 644 1749 688 Hadriano
1770 656 1928 688 versus
1949 644 2047 690 illos
2069 647 2253 702 amplius
2273 647 2414 692 tribus

350 721 573 766 decenniis
605 724 739 764 antea
768 720 911 763 factos
942 730 996 761 ex
1039 716 1233 759 tenebris
1277 716 1529 768 depromere
1561 714 1788 757 voluisset.
1850 715 2012 758 Verum
2053 717 2106 760 de
2145 718 2215 761 his
2246 717 2413 761 caussis

351 792 671 847 desperandum
702 803 802 834 esse
833 802 886 832 ex
918 788 996 843 eis,
1029 799 1139 840 quae
1171 786 1314 840 paullo
1345 789 1448 827 ante
1479 784 1705 838 disputata
1736 788 1851 840 sunt,
1884 786 2039 828 elucet.

495 862 657 906 Restat
686 865 737 903 ut
765 860 837 903 hic
868 858 1084 901 declarem
1115 855 1219 909 quid
1250 855 1304 898 de
1335 867 1388 898 ea
1418 854 1618 909 opinione
1649 855 1849 911 sentiam,
1883 867 2009 909 quam
2041 856 2095 900 G.
2129 858 2362 903 Teuffelius
2389 870 2416 902 a

352 946 442 987 quo·
467 933 553 976 iam
585 944 717 985 supra
747 930 838 972 dixi
868 929 1053 983 priorem
1087 925 1352 969 sententiam
1391 925 1455 967 ita
1486 929 1789 967 commutatam
1820 937 1934 981 esse,
1976 931 2026 968 ut
2057 928 2184 970 hodie
2215 942 2299 972 non
2330 929 2416 972 iam

351 1003 586 1047 Traianum
619 1000 696 1043 sed
727 999 996 1042 Hadrianum
1034 996 1153 1039 exilii
1191 1000 1412 1038 auctorem
1453 994 1589 1037 fuisse
1630 994 1831 1051 affirmet,
1876 996 2042 1049 aliquot
2083 999 2241 1043 abhinc
2280 1012 2415 1043 annos

351 1073 533 1129 protulit
564 1071 705 1126 (Stud.
727 1083 769 1112 u.
792 1069 992 1111 Charact.
1021 1080 1122 1121 pag.
1148 1068 1265 1120 412).
1329 1067 1374 1107 Is
1407 1066 1574 1107 insistit
1604 1078 1655 1107 eo
1687 1066 1740 1108 de
1772 1079 1855 1119 quo
1891 1080 2024 1121 supra
2054 1069 2222 1123 egimus
2254 1071 2416 1126 Apolli-

351 1145 470 1189 naris
501 1144 609 1198 loco,
641 1141 716 1185 ubi
745 1139 894 1183 verbis
931 1138 1011 1193 „ad
1042 1138 1165 1192 vulgi
1196 1142 1371 1180 tenuem
1403 1137 1639 1190 strepentis
1672 1139 1845 1180 auram“
1879 1139 2044 1191 aliquid
2074 1140 2219 1184 inesse
2252 1146 2415 1185 censet.

352 1213 550 1258 Teuffelji
579 1214 717 1255 verba
747 1211 856 1253 haec
888 1213 1008 1251 sunt:
1053 1209 1267 1250 Hadriam
1307 1209 1502 1250 belcannte
1541 1209 1827 1263 Leidenschaft
1863 1211 1942 1264 fiir
1970 1212 2178 1253 Antinous
2216 1213 2350 1255 macht
2380 1227 2418 1254 es

344 1285 567 1343 'qlaublich,
608 1284 704 1325 dass
743 1297 787 1324 er
821 1281 927 1324 auch
964 1281 1042 1335 fiir
1084 1282 1200 1321 einen
1242 1280 1387 1320 histrio
1426 1280 1675 1320 schvciirm'en
1714 1280 1862 1321 konnte
1894 1312 1903 1322 .
1939 1313 1948 1321 .
1983 1313 1992 1322 .
2027 1313 2036 1322 .
2070 1281 2151 1324 Die
2191 1283 2416 1348 semmae,

349 1355 491 1399 welche
533 1355 606 1397 der
649 1352 803 1395 Kaiser
841 1352 919 1407 fu’r
961 1353 1075 1394 einen
1118 1351 1261 1392 histrio
1300 1350 1407 1392 hatte
1449 1350 1539 1392 und
1576 1351 1640 1392 die
1681 1351 1764 1392 sich
1809 1351 1910 1393 ¹wohl
1950 1352 2054 1394 auch
2094 1354 2330 1396 manohmal
2359 1354 2418 1397 bei

353 1425 760 1480 Stellmbesetzunqen
807 1422 1034 1476 bekundete,
1079 1422 1158 1477 9αό
1204 1422 1293 1463 dem
1342 1421 1562 1463 Publiomn
1617 1420 1919 1476 Veranlassunq
1965 1422 2066 1464 einst
2111 1423 2314 1476 &sl'entlich
2359 1426 2417 1466 im

359 1497 531 1540 Theater
550 1497 688 1552 jenem
719 1494 862 1535 histrio
892 1493 956 1534 die
986 1492 1253 1534 bezeichneten
1288 1515 1342 1521 -—
1377 1493 1512 1546 Idnyst
1540 1492 1782 1546 yedichteten
1814 1492 1903 1533 und
1932 1493 2282 1549 reriiffcntlichten,
2322 1495 2418 1537 aber

350 1582 440 1610 nnn
471 1566 600 1608 durch
632 1565 719 1607 ihre
749 1564 1094 1605 Anwendbarlceit
1137 1563 1221 1616 auf
1258 1563 1323 1604 die
1368 1563 1609 1618 Geyenerart
1646 1562 1852 1603 besonders
1896 1563 2071 1605 bekannt
2114 1564 2204 1606 und
2236 1566 2418 1619 populdr

347 1637 609 1695 qewordenen
642 1658 697 1663 —
740 1633 858 1676 Verse
888 1634 961 1675 der
993 1634 1031 1674 7.
1067 1633 1201 1674 Satire
1230 1634 1478 1687 zuzurufen,
1522 1632 1700 1674 wernher
1738 1632 1911 1674 derselbe
1949 1645 1991 1674 so
2021 1633 2285 1688 aufyebracht
2315 1649 2416 1689 war,

349 1709 444 1750 dass
474 1720 518 1748 er
547 1706 680 1760 dafiir
718 1718 774 1746 an
814 1705 903 1746 dem
946 1703 1126 1757 Dichter,
1167 1716 1208 1744 so
1248 1703 1493 1758 unschuldiy
1533 1715 1576 1743 er
1611 1715 1665 1744 an
1707 1703 1779 1743 der
1816 1702 1941 1744 Sache
1972 1716 2071 1756 war,
2116 1703 2253 1746 Rache
2283 1704 2409 1747 nahm

350 1778 440 1821 und
484 1776 687 1830 beu-iride,
731 1775 825 1816 dass
855 1773 1026 1816 derselbe
1066 1778 1185 1815 mater
1218 1773 1504 1829 ylimpflichem
1557 1772 1777 1815 Vorwande
1821 1795 1874 1800 —
1919 1773 2204 1816 militaretsclaer
2248 1774 2410 1818 Dienst·

351 1849 525 1904 leistunq
556 1869 611 1874 —
644 1858 722 1887 aus
753 1845 858 1886 Rom
889 1846 1067 1899 ents'ernt
1101 1844 1249 1885 warde.
1283 1866 1337 1872 -—
1371 1843 1504 1885 Plura
1534 1842 1684 1897 habe0‚
1717 1853 1827 1895 quae
1858 1844 2010 1885 contra
2040 1842 2150 1886 hanc
2182 1855 2407 1898 argumen-

350 1917 562 1961 tationem
592 1915 744 1957 dicam.
807 1914 872 1956 Ac
904 1914 1084 1968 primum
1117 1913 1301 1969 quidem,
1335 1913 1373 1955 si
1404 1912 1640 1956 Antinoum
1664 1912 1911 1955 Hadrianus
1943 1912 2148 1967 diligeret
2179 1926 2408 1969 carumque

350 1990 547 2042 haberet,
580 1998 676 2028 eum
708 1990 753 2027 et
783 1985 1008 2026 histrionis
1041 1996 1208 2037 quoque
1231 1985 1374 2026 studio
1396 1984 1550 2026 ardere
1572 1983 1766 2037 potuisse
1787 1995 1921 2039 nego3
1955 1985 2067 2037 quod
2089 1988 2184 2028 erat
2206 1985 2414 2031 Teuffelio

351 2057 746 2102 demonstrandum.
810 2057 959 2107 Neque
991 2068 1095 2097 vero
1127 2056 1414 2110 Hadrianum,
1456 2060 1505 2096 ut
1543 2060 1639 2096 erat
1670 2067 1821 2109 vanus,
1855 2055 2114 2111 obstinatus,
2152 2056 2308 2100 nimius
2348 2058 2415 2101 sui

351 2128 619 2181 aestimator,
661 2139 757 2167 eum
788 2125 925 2167 fuisse
957 2125 1215 2179 putaverim,
1257 2125 1331 2177 qui
1361 2125 1564 2167 histrioni
1604 2125 1746 2179 alicui,
1788 2126 1984 2177 quamvis
2021 2130 2116 2168 arte
2148 2126 2241 2169 eius
2274 2128 2413 2170 delec-

350 2202 534 2252 taretur,
567 2209 852 2239 concessurus
885 2200 1017 2250 esset,
1050 2201 1099 2237 ut
1129 2196 1173 2237 in
1205 2196 1384 2249 negotia
1414 2196 1589 2248 publica
1621 2208 1668 2237 se
1698 2195 2005 2247 interponeret.
2068 2197 2119 2238 Id
2150 2210 2204 2238 ne
2224 2198 2414 2240 Antinoo

352 2268 523 2321 quidem
555 2266 750 2308 indulsit.
827 2265 950 2319 Quod
988 2271 1132 2307 autem
1169 2266 1395 2307 Attianum
1440 2265 1609 2317 imperii
1652 2264 1817 2305 affinem
1862 2278 1960 2307 esse
1996 2266 2182 2321 sinebat,
2226 2268 2312 2308 alia
2341 2280 2413 2309 res

352 2342 435 2381 est.
489 2338 600 2379 Nam
628 2335 797 2378 homine
825 2335 969 2387 aliquo
990 2336 1156 2377 virtute
1190 2336 1367 2388 cognita
1399 2340 1444 2376 et
1477 2338 1676 2387 spectata
1707 2335 1789 2376 fide
1821 2336 2098 2390 amplissimo,
2132 2337 2204 2387 qui
2236 2338 2413 2379 consilio

351 2414 398 2452 et
429 2406 646 2461 sapientia
675 2406 981 2460 rempublicam
1013 2411 1161 2460 regat,
1204 2406 1434 2458 unicuique
1471 2405 1657 2458 principi
1694 2418 1799 2457 opus
1831 2410 1919 2460 est,
1953 2407 2145 2449 consiliis
2177 2407 2242 2449 uti
2274 2407 2413 2449 cuius-

349 2479 458 2522 libet
498 2476 680 2520 artificis
717 2489 802 2519 non
838 2481 910 2519 est
947 2476 1031 2519 nisi
1071 2476 1345 2529 imperatoris
1382 2476 1550 2518 inutilis
1582 2478 1712 2528 atque
1744 2476 1915 2528 perditi.
1978 2477 2123 2529 Atque
2154 2477 2308 2520 histrio
2340 2477 2413 2520 ille

349 2548 545 2604 profecto
579 2547 706 2590 solito
736 2546 834 2600 plus
867 2547 980 2600 apud
1012 2546 1278 2590 Hadrianum
1311 2546 1472 2601 potuit,
1514 2546 1551 2588 si
1584 2546 1742 2600 vulgus
1779 2547 1950 2590 minime
1988 2547 2033 2590 in
2071 2560 2121 2591 eo
2159 2560 2320 2601 genere
2358 2548 2414 2591 ad

350 2619 629 2664 offensionem
651 2617 953 2671 accipiendam⁴
976 2618 1102 2660 molle
1135 2618 1329 2660 convicio
1361 2617 1406 2660 in
1434 2618 1606 2659 theatro
1638 2620 1683 2659 et
1714 2617 2037 2673 acclamatione,
2071 2621 2336 2672 quantopere
2368 2618 2413 2661 in

349 2690 516 2735 invidia
547 2693 669 2734 esset
712 2687 753 2732 ei
785 2687 1065 2743 significavit.
1138 2687 1261 2743 Quod
1293 2689 1331 2732 si
1362 2688 1566 2732 histrioni
1596 2687 1726 2731 alicui
1757 2688 2006 2745 accidisset,
2047 2702 2201 2733 nomen
2233 2689 2325 2733 eius
2357 2689 2413 2733 ad

348 2775 428 2806 nos
466 2762 680 2816 perlatum
720 2764 853 2803 esset.
914 2760 1080 2802 Deinde
1124 2760 1398 2803 temerarium
1443 2763 1513 2802 est
1557 2762 1602 2802 et
1644 2772 1821 2814 anceps,
1865 2773 1960 2804 cum
2003 2760 2254 2804 testimonia
2295 2761 2414 2804 nulla

350 2836 546 2887 exstent,
578 2832 795 2874 Romanos
827 2830 1040 2872 Hadriani
1072 2831 1336 2883 temporibus
1377 2831 1486 2873 adeo
1523 2830 1752 2872 Juvenalis
1797 2831 2028 2873 satirarum
2072 2844 2232 2886 gnaros
2276 2830 2412 2874 fuisse

351 2914 535 2957 sumere,
567 2906 616 2945 ut
636 2902 757 2944 illum
788 2902 833 2943 in
854 2903 1027 2944 theatro
1051 2902 1280 2954 strepitum
1301 2914 1387 2943 non
1418 2900 1688 2943 admiremur.
1752 2901 1913 2943 Contra
1934 2914 2016 2955 ego
2038 2902 2124 2944 illis
2147 2901 2412 2955 temporibus

349 2972 580 3016 Juvenalis
614 2972 774 3013 satiras
806 2983 957 3025 parum
990 2972 1189 3025 cognitas
1221 2970 1359 3013 fuisse
1404 2971 1772 3013 demonstravisse
1809 2971 1912 3014 mihi
1947 2972 2117 3026 videor3
2156 2974 2413 3025 argumenta

349 3043 481 3084 velim
511 3042 789 3095 proferantur
821 3042 975 3093 quibus
1007 3041 1195 3083 refellar.
1258 3041 1462 3094 Accedit,
1503 3044 1551 3082 ut
1582 3041 1645 3082 illi
1681 3041 1946 3094 Apollinaris
1984 3054 2155 3096 versus,
2201 3053 2310 3092 quae
2342 3044 2413 3084 est

351 3113 580 3155 verborum
612 3112 890 3166 ambiguitas,
932 3112 1007 3153 vix
1038 3112 1181 3153 idonei
1214 3112 1322 3165 sint,
1367 3122 1421 3153 ex
1463 3111 1616 3162 quibus
1650 3112 1758 3154 certi
1789 3111 1952 3163 aliquid
1985 3111 2206 3154 efficiatur.
2270 3109 2412 3164 Quare
