2774 3681
1241 319 1530 360 -31—

358 449 446 492 Sex
475 446 641 491 satirae
670 445 816 488 I—VI
846 458 942 489 cum
970 446 1095 489 initio
1126 446 1305 489 Traiani
1334 445 1504 500 imperii
1533 445 1678 490 editae
1710 445 1813 500 sint,
1843 443 2025 487 videant
2053 445 2114 501 ei,
2155 445 2229 499 qui
2257 445 2411 490 laudes

357 519 404 563 in
444 517 630 571 septima
666 515 805 560 satira
840 519 1066 560 exstantes
1108 516 1154 560 in
1192 516 1460 560 Hadrianum
1500 517 1747 572 conferunt,
1796 527 1851 558 ne
1892 515 1995 568 quid
2039 516 2292 560 incredibile
2330 528 2410 561 nos

358 588 537 633 credere
564 587 757 630 iubeant.
808 586 1115 641 Excogitanda
1133 587 1247 629 enim
1277 586 1342 630 eis
1373 599 1460 630 una
1480 588 1637 631 saltem
1668 599 1827 629 caussa
1857 586 1955 641 erit,
1988 598 2064 628 cur
2082 586 2313 630 Juvenalis
2333 597 2438 642 per,

362 662 500 704 totum
533 657 711 701 Traiani
740 657 964 710 imperium
995 671 1173 711 prorsus
1204 658 1407 713 tacuerit,
1439 658 1554 711 quod
1582 670 1738 701 vereor
1768 670 1823 700 ne
1853 669 2053 710 umquam
2084 658 2320 712 contingat.

498 728 529 772 J
531 740 600 771 am
629 740 769 781 pauca
798 728 878 772 hoc
907 729 1002 771 loco
1033 728 1298 781 disputanda
1327 728 1431 771 mihi
1463 732 1566 771 sunt
1595 729 1650 771 de
1681 740 1734 771 ea
1765 728 1997 783 sententia,
2030 740 2156 780 quam
2186 729 2237 771 L.
2259 729 2411 772 Fried-

357 799 587 844 laenderus
624 810 761 851 nuper
803 798 984 851 protulit
1022 799 1068 843 in
1104 799 1433 854 dissertatione,
1483 812 1593 852 quae
1625 803 1696 842 est
1749 799 1829 853 „de
1858 799 1890 841 J
1890 798 2089 841 uvenalis
2120 800 2407 852 temporibus“

359 870 545 927 (Regim.
573 870 717 924 1877).
779 869 824 913 Is
856 882 951 913 cum
983 882 1037 913 ex
1067 882 1183 913 nova
1213 869 1397 923 quadam
1428 869 1520 914 Sat.
1544 870 1658 914 XIII
1677 883 1719 912 v.
1748 872 1813 913 17.
1846 869 2207 923 interpretatione
2237 870 2412 914 tandem

358 941 588 995 aliquando
619 943 784 984 certum
805 940 967 993 aliquid
989 940 1042 984 de
1062 940 1293 984 Juvenalis
1315 945 1463 984 aetate
1484 940 1681 984 effecisse
1702 941 1905 984 videatur
1915 941 1955 995 *)
1987 944 2033 984 01
2053 940 2166 993 quod
2185 940 2413 984 Juvenalis

358 1013 414 1055 ad
445 1012 628 1055 mediam
650 1011 742 1054 fere
773 1013 964 1054 aetatem
986 1011 1254 1055 declamasse
1276 1011 1448 1067 dicitur,
1480 1011 1526 1053 id
1561 1024 1641 1065 „ex
1662 1015 1813 1054 vetere
1834 1013 2051 1065 proboque
2072 1010 2192 1053 fonte
2214 1011 2414 1054 haustum

358 1083 481 1126 esse“
518 1084 710 1137 censeat,
742 1082 902 1125 nullam
923 1085 1079 1136 poetae
1111 1081 1293 1124 satiram
1323 1086 1426 1124 ante
1458 1094 1615 1124 annum
1650 1083 1730 1123 107
1761 1082 1922 1125 editam
1953 1093 2053 1125 esse
2074 1081 2220 1136 docet3
2253 1081 2415 1125 satirae

357 1156 502 1196 autem
534 1152 745 1205 septimae
776 1152 1005 1195 maximam
1036 1155 1205 1205 partem
1235 1151 1321 1195 iam
1354 1153 1433 1194 sub
1466 1152 1653 1194 Traiano
1694 1151 1842 1195 finitae
1873 1152 2010 1205 primo
2041 1151 2255 1196 Hadriani
2285 1151 2416 1195 domi-

357 1222 546 1266 nationis
568 1235 679 1265 anno
711 1222 971 1275 prooemium
997 1224 1138 1264 1—35
1166 1225 1440 1275 praetextum
1471 1234 1569 1264 esse
1602 1222 1826 1264 contendit
1858 1222 1931 1277 (cf.
1955 1222 2092 1265 eiusd.
2115 1225 2231 1265 auct.
2255 1221 2416 1265 Sitten-

358 1294 611 1348 geschichte
641 1294 774 1336 Roms
805 1293 886 1348 ΠΙ,
919 1306 1019 1347 pag.
1054 1293 1172 1347 411).
1234 1293 1286 1335 In
1316 1292 1586 1335 Hadrianum
1616 1293 1753 1347 igitur
1794 1296 1840 1335 et
1870 1292 2236 1336 Friedlaenderus
2266 1292 2418 1336 laudes

356 1366 456 1408 illas
488 1364 638 1418 refert,
671 1369 816 1407 tamen
847 1378 942 1406 eum
974 1364 1093 1406 exilii
1123 1367 1344 1405 auctorem
1376 1376 1475 1405 esse
1506 1368 1656 1416 negat.
1718 1365 1784 1404 Ac
1815 1364 1868 1404 de
1900 1364 2028 1406 exilio
2059 1364 2130 1404 vir
2159 1364 2233 1405 1110
2264 1364 2418 1405 doctus

358 1448 443 1480 non
480 1434 640 1479 habere
671 1434 846 1479 videtur
886 1434 998 1487 quod
1034 1433 1210 1487 liqueat.
1274 1434 1378 1477 Cum
1416 1435 1529 1477 enim
1574 1435 1719 1487 „exilii
1750 1437 1888 1477 locum
1920 1449 1971 1477 ac
2002 1440 2173 1488 tempus
2205 1437 2419 1478 incertum

360 1506 484 1551 esse“
521 1505 731 1550 concedat
752 1508 797 1550 et
817 1505 861 1549 in
893 1505 1143 1549 universum
1163 1508 1333 1548 tantum
1363 1505 1604 1548 assentitur
1624 1506 1852 1559 Borghesi,
1885 1506 1959 1557 qui
1979 1506 2025 1548 in
2045 1506 2213 1549 adnott.
2236 1507 2293 1548 ad
2312 1506 2417 1548 Juv.

362 1576 577 1631 (Oeuvres
610 1576 844 1629 completes
875 1575 928 1631 V,
962 1575 1213 1629 513—516)
1244 1575 1504 1619 Juvenalem
1536 1588 1563 1618 a
1594 1575 1805 1630 Crispino,
1840 1576 1919 1618 sub
1941 1575 2188 1619 Domitiano
2219 1576 2265 1619 in
2295 1589 2418 1630 prae-

356 1646 527 1690 fectura
563 1647 777 1700 praetoris
815 1646 1003 1690 Cornelii
1040 1646 1175 1689 Fusci
1205 1646 1393 1700 collega,
1433 1646 1570 1700 (intra
1600 1658 1736 1689 annos
1770 1647 1992 1699 92—101)
2024 1646 2162 1689 Roma
2193 1647 2419 1700 expulsum

360 1730 458 1761 esse
496 1716 714 1772 exposuit,
758 1720 903 1759 tamen
940 1729 1141 1759 caussam
1179 1716 1299 1759 exilii
1329 1717 1375 1758 in
1405 1717 1607 1759 versibus
1646 1721 1729 1759 sat.
1766 1717 1870 1771 VII,
1913 1720 1970 1759 90
2004 1730 2098 1769 sqq.
2131 1718 2419 1769 quaerendam

360 1799 458 1829 esse
490 1786 655 1829 iudicat
686 1786 932 1842 („dubitare
953 1790 1079 1830 vetat
1101 1798 1338 1830 consensus
1362 1786 1605 1841 testium“!)
1667 1786 1719 1830 Id
1749 1786 1897 1831 nescio
1930 1786 2138 1840 quomodo
2170 1786 2416 1842 percipiam.

360 1858 525 1900 Versus
565 1859 629 1900 illi
672 1858 716 1900 in
760 1858 898 1900 satira
928 1858 1014 1900 VH
1052 1857 1278 1913 leguntur,
1321 1867 1431 1911 quae
1461 1868 1500 1901 a.
1539 1858 1641 1913 117,
1686 1860 1736 1900 ut
1778 1856 1947 1913 opinor,
1995 1856 2161 1912 scripta
2205 1860 2288 1902 est.
2350 1856 2418 1902 An

362 1929 393 1969 J
395 1929 593 1969 uvenalis
638 1941 732 1970 cum
773 1929 1034 1981 prooemium
1072 1928 1368 1981 praeponebat
1410 1927 1542 1969 etiam
1591 1927 1760 1982 priscos
1800 1927 1898 1971 illos
1939 1939 2094 1972 versus
2136 1927 2176 1977 ei
2218 1927 2418 1972 infersit?

361 1998 534 2040 Dictum
568 2000 614 2041 id
644 2000 758 2052 apud
780 1999 1163 2040 Friedlaenderum
1194 2009 1279 2039 non
1312 1998 1472 2052 inveni,
1505 1997 1584 2040 sed
1616 2008 1669 2041 ea
1698 1997 1887 2041 fortasse
1919 2000 1990 2042 est
2020 1998 2114 2042 eius
2146 1998 2301 2052 opinio.
2359 1998 2418 2041 At

362 2080 519 2110 vereor
550 2072 600 2110 ut
631 2069 856 2120 quisquam
889 2067 1142 2121 crediderit,
1175 2080 1248 2108 eos
1280 2079 1450 2121 versus,
1482 2071 1660 2120 propter
1691 2080 1798 2120 quos
1830 2069 1930 2110 olim
1961 2081 2015 2111 ex
2045 2070 2151 2111 urbe
2184 2072 2416 2111 summotus

366 2141 499 2193 esset,
543 2139 669 2182 annis
707 2138 799 2185 fere
832 2141 888 2181 20
920 2141 1020 2191 post
1050 2138 1095 2180 in
1126 2151 1282 2180 novam
1327 2137 1506 2180 satiram
1552 2143 1752 2192 receptos
1796 2152 1908 2183 esse.
1981 2139 2076 2193 Qua
2106 2153 2153 2183 re
2184 2144 2416 2182 commotus

362 2208 464 2260 quid
496 2213 700 2262 spectans
732 2223 806 2252 008
843 2208 1091 2261 inseruerit,
1125 2208 1237 2250 scire
1268 2208 1491 2260 pervelim.
1539 2210 1621 2250 ·At
1658 2221 1816 2252 caussa
1846 2210 2066 2253 inserendi
2103 2210 2270 2252 omnino
2300 2210 2419 2252 nulla

363 2283 526 2334 exstat,
559 2280 646 2323 nisi
666 2280 779 2323 forte
810 2283 940 2333 poeta
972 2292 1019 2321 se
1040 2279 1194 2334 ipsum,
1228 2291 1323 2320 cum
1345 2282 1523 2332 propter
1553 2279 1650 2322 illos
1672 2292 1829 2322 versus
1852 2281 1951 2324 olim
1973 2294 2027 2324 ex
2048 2282 2153 2324 urbe
2185 2284 2417 2323 summotus

364 2354 503 2405 esset,
547 2351 736 2404 priorum
778 2355 1018 2403 temporum
1053 2349 1328 2401 iniquitatem
1367 2349 1639 2402 experientia
1678 2350 1885 2394 didicisse
1929 2350 2123 2393 dicturus
2166 2350 2261 2393 fuit.
2333 2349 2419 2392 Sed

361 2432 456 2463 cum
486 2421 595 2463 nihil
627 2421 837 2464 eiusmodi
859 2420 989 2475 dicat,
1021 2432 1176 2461 versus
1208 2419 1306 2460 illos
1329 2431 1557 2471 numquam
1588 2423 1720 2462 antea
1749 2420 2032 2474 relegationis
2065 2433 2213 2462 ansam
2245 2419 2419 2463 dedisse

360 2490 637 2533 manifestum
669 2495 751 2533 est.
813 2490 1044 2533 Ribbeckii
1075 2489 1206 2543 longa
1237 2488 1501 2531 refutatione
1541 2501 1648 2541 opus
1692 2501 1777 2532 non
1822 2495 1903 2533 est.
1966 2491 2011 2532 Is
2051 2490 2177 2532 aliam
2209 2489 2420 2532 rationem

361 2560 627 2615 enucleavit,
673 2574 757 2613 qua
788 2562 842 2603 ab
874 2561 1098 2603 Hadriano
1137 2572 1236 2601 esse
1274 2559 1393 2601 exilii
1430 2571 1610 2612 poenam
1641 2559 1880 2613 irrogatam
1919 2561 2193 2613 comprobare
2230 2559 2419 2602 studeat.

501 2721 535 2765 ¹⁸¹)
560 2722 860 2758 Friedlaenderus
885 2732 976 2766 quae
1001 2733 1070 2758 vss.
1100 2727 1141 2758 15
1169 2726 1207 2757 et
1235 2726 1276 2757 16
1302 2722 1489 2767 leguntur:
1534 2727 1678 2767 „stupet
1708 2724 1796 2758 haec
1827 2724 1887 2767 qui
1918 2724 1988 2759 iam
2021 2728 2100 2766 post
2130 2728 2238 2767 terga
2273 2722 2423 2767 reliquit

366 2777 568 2823 Sexaginta
600 2791 709 2816 annos
739 2781 890 2816 Fonteio
924 2781 1066 2817 consule
1097 2782 1226 2816 natus“
1258 2792 1328 2816 non
1361 2782 1405 2816 de
1431 2781 1597 2824 Calvino,
1633 2786 1676 2816 ut
1700 2792 1819 2817 omnes
1849 2782 1963 2815 adhuc
1987 2781 2283 2824 interpretatores
2307 2786 2424 2816 statu-

360 2840 482 2882 erunt,
508 2838 570 2874 sed
594 2838 638 2875 de
664 2843 771 2885 poeta
796 2838 874 2885 ipso
905 2838 1151 2885 intellegenda
1175 2850 1251 2876 esse
1283 2839 1389 2877 dicet.
1441 2840 1518 2884 „De
1542 2851 1597 2884 se,
1628 2841 1761 2885 inquit,
1793 2840 1952 2883 loquitur
1976 2840 2182 2884 Juvenalis,
2214 2851 2252 2875 se
2276 2845 2423 2884 stupere

359 2894 465 2939 dicit,
499 2897 593 2939 quod
625 2897 760 2933 amicus
791 2908 912 2933 casum
941 2902 1017 2933 tam
1049 2907 1157 2942 aegre
1186 2897 1283 2932 ferat
1309 2918 1350 2922 —
1379 2924 1387 2932 .
1414 2925 1422 2932 .
1472 2898 1516 2933 Se
1548 2898 1664 2943 igitur
1695 2903 1806 2943 poeta
1835 2898 1984 2934 Fonteio
2015 2898 2157 2933 consule
2189 2902 2317 2934 natum
2347 2908 2425 2934 esse

362 2951 483 2987 verbis
515 2954 659 2990 disertis
690 2955 797 2999 dicit,
834 2956 858 2990 i.
885 2966 915 2991 e.
943 2960 986 2991 67
1012 2968 1047 3000 p.
1074 2957 1176 2992 Chr.“
1225 2957 1315 2991 Eam
1351 2957 1628 3001 explicationem
1659 2958 1785 2992 falsam
1821 2967 1886 3002 ego
1913 2967 1988 2992 esse
2018 2956 2153 3000 iudico,
2189 2956 2247 2992 eui
2271 2967 2319 2992 ex
2344 2967 2425 2993 mea

360 3011 540 3046 sententia
557 3011 732 3056 imprimis
749 3013 870 3048 obstat
887 3014 1037 3057 pluralis
1065 3016 1194 3058 „haec“
1220 3015 1244 3048 i.
1264 3024 1294 3048 e.
1314 3015 1486 3049 eiusmodi
1503 3025 1571 3058 res,
1596 3019 1638 3049 ut
1654 3015 1700 3049 ad
1717 3015 1874 3057 fraudes,
1900 3015 2006 3057 mala,
2028 3015 2217 3059 „fortunae
2233 3016 2424 3050 acervum“

362 3062 474 3163 1111011ὶῖ
495 3074 604 3106 antea
628 3078 890 3117 commemorat,
915 3077 1024 3117 poeta
1047 3072 1229 3118 respiciat.
1278 3073 1316 3108 Si
1340 3074 1389 3118 id,
1422 3075 1515 3118 quod
1539 3075 1619 3109 vult
1635 3074 1767 3108 Friedl.
1793 3074 1912 3109 dicere
1940 3073 2123 3117 voluisset,
2155 3074 2219 3108 hoc
2244 3084 2316 3109 non
2341 3075 2429 3109 haec

359 3126 428 3162 scri
475 3138 515 3164 re
541 3129 675 3167 debuit.
