2774 3681
1261 275 1520 311 —4-

358 399 681 453 adnotandique
721 399 1012 443 studiosorum
1044 399 1241 442 manibus
1274 404 1477 443 versatus
1509 399 1590 453 sit,
1635 399 1728 442 fieri
1759 398 1890 441 aliter
1928 411 2013 441 non
2043 399 2187 452 potuit
2218 413 2345 453 quam
2374 402 2424 443 ut

358 473 484 526 plura
513 484 565 514 ac
596 483 712 514 nova
746 469 1084 514 includerentur.
1147 469 1268 523 Quae
1299 483 1410 513 nunc
1442 470 1586 523 qualia
1616 482 1715 513 esse
1746 468 1967 523 potuerint
1998 470 2233 522 quaeritur.
2361 456 2368 465 ⁴

500 541 623 586 Duas
655 544 702 586 et
732 541 1009 585 recensiones
1053 544 1202 584 textus
1246 544 1292 585 et
1335 540 1592 584 scholiorum
1624 552 1786 595 genera
1825 551 1925 583 esse
1956 539 2117 584 scimus
2148 553 2245 585 cum
2277 544 2424 585 aetate

359 617 452 657 tum
485 613 750 656 auctoritate
782 625 958 665 prorsus
999 611 1115 654 inter
1155 625 1202 654 se
1244 612 1431 655 diversa.
1494 612 1639 664 Atque
1679 611 1908 654 deterioris
1940 611 2208 655 recensionis
2219 612 2264 666 *)
2297 625 2424 664 quam

358 684 490 738 longe
522 683 695 737 plurimi
725 682 826 726 libri
856 695 958 725 mss.
993 685 1145 725 tenent
1177 682 1384 726 Nicaeum
1417 682 1640 735 quemdam
1671 685 1892 725 auctorem
1928 694 2028 725 esse
2060 681 2207 726 docuit
2235 682 2424 726 Jahnius

358 754 557 809 prolegg.
581 765 681 807 pag.
709 754 938 795 116—136
970 751 1042 805 (cf.
1074 751 1118 793 id
1150 752 1260 804 quod
1296 753 1587 806 subscriptum
1617 752 1779 806 legitur
1809 752 1853 795 in
1885 751 1969 795 fine
2001 751 2094 795 cod.
2118 751 2423 796 Laurentiani:

364 823 658 881 „descriptum
689 823 744 866 ad
775 822 1015 875 exemplum
1047 835 1073 865 a
1106 822 1266 866 Nicaeo
1298 822 1461 867 Romae
1493 823 1835 878 emendatum“),
1883 835 2022 876 neque
2065 825 2210 867 tamen
2255 823 2424 878 quando

360 900 458 940 orta
489 896 548 940 sit
580 894 826 949 perspicere
858 905 1099 946 possumus
1164 894 1313 937 Tertio
1345 895 1459 938 enim
1490 899 1566 938 aut
1606 898 1758 948 quarto
1791 894 1964 938 saeculo
2005 907 2101 937 eam
2132 895 2425 949 comparuisse

360 969 406 1011 s).
440 968 491 1011 F.
526 968 819 1010 Hermannus:
853 965 906 1007 de
940 965 1160 1008 codicibus
1191 965 1422 1009 Juvenalis
1455 971 1574 1009 recte
1606 965 1889 1009 aestimandis
1923 965 1987 1019 (in
2020 966 2219 1021 catalogo
2252 966 2425 1009 aestiva

360 1038 558 1092 Gotting.
588 1037 717 1091 1847)
738 1048 838 1090 pag.
864 1037 888 1078 6
912 1035 998 1078 etsi
1020 1035 1205 1079 fidenter
1225 1035 1476 1093 affirmavit,
1509 1050 1658 1091 parum
1686 1040 1830 1080 tamen
1862 1049 1926 1092 e0‚
1960 1036 2072 1090 quod
2103 1036 2148 1080 in
2180 1036 2424 1092 fragmento

360 1110 453 1153 cod.
494 1107 767 1163 palimpsesti
798 1107 1002 1150 Vaticani
1045 1107 1232 1149 inveniri
1273 1107 1380 1150 dicit
1428 1109 1520 1150 eius
1564 1108 1776 1163 vestigia,
1822 1108 2073 1150 confirmare
2114 1108 2255 1161 potuit
2295 1111 2425 1161 atque

359 1181 574 1223 evincere.
638 1179 748 1221 Nam
778 1178 918 1231 ipsum
950 1178 994 1220 id
1017 1178 1128 1230 quod
1161 1177 1268 1220 dicit
1299 1178 1457 1220 falsum
1489 1184 1571 1221 est.
1623 1179 1836 1233 Neglecta
1868 1178 1980 1220 enim
2002 1178 2219 1220 varietate
2242 1178 2425 1231 quadam

358 1252 403 1294 in
436 1249 664 1293 scribendo
705 1253 751 1291 et
782 1248 1049 1302 proprietate
1091 1261 1237 1291 omnes
1282 1249 1380 1291 illas
1412 1249 1621 1292 lectiones
1653 1249 1904 1292 Pithoeanis
1945 1249 2016 1291 vel
2060 1249 2235 1291 easdem
2266 1249 2337 1291 vel
2369 1248 2425 1291 si-

358 1322 560 1365 millimas
592 1334 691 1363 esse
713 1320 923 1363 videmus.
977 1320 1089 1362 Illud
1120 1325 1265 1362 tamen
1287 1320 1577 1362 certissimum
1609 1326 1691 1375 est,
1724 1333 1818 1362 cum
1851 1319 2067 1362 deteriore
2098 1324 2246 1362 textus
2277 1332 2425 1362 recen-

359 1394 480 1435 sione
513 1392 645 1434 etiam
677 1391 869 1434 deterius
903 1391 1160 1432 scholiorum
1192 1404 1331 1444 genus
1375 1391 1439 1432 ita
1482 1404 1637 1433 nexum
1678 1395 1723 1433 et
1765 1391 1962 1445 iugatum
1993 1403 2106 1445 esse,
2154 1394 2203 1431 ut
2246 1402 2424 1442 quorum

360 1462 576 1516 codicum,
621 1473 716 1504 cum
748 1460 1041 1503 recensionem
1074 1460 1334 1503 Nicaeanam
1379 1461 1586 1515 prodant,
1631 1461 1768 1503 minor
1800 1460 1858 1502 sit
1889 1460 2129 1502 auctoritas
2174 1460 2422 1513 lectionum,

359 1532 497 1576 eidem
529 1531 635 1574 vilia
666 1531 741 1574 illa
772 1531 937 1574 scholia
980 1531 1189 1584 praebere
1222 1530 1402 1574 soleant.
1479 1532 1622 1584 Atque
1666 1544 1811 1574 eorum
1853 1533 1899 1573 et
1943 1530 2154 1585 originem
2197 1529 2423 1573 didicimus

358 1607 404 1647 et
435 1606 637 1646 aetatem.
700 1601 809 1644 Nam
841 1602 891 1645 O.
924 1601 1110 1644 Jahnius
1143 1601 1170 1643 l.
1204 1601 1232 1643 l.
1256 1613 1355 1656 pag.
1384 1603 1464 1643 127
1499 1614 1525 1644 a
1556 1601 1744 1644 Cornuto
1775 1614 1827 1644 ea
1857 1600 2055 1655 profecta
2085 1612 2185 1643 esse
2217 1598 2422 1654 ostendit,

359 1686 485 1728 quem
518 1674 598 1715 sub
630 1672 809 1727 imperio
842 1672 984 1715 Caroli
1016 1672 1139 1714 Calvi
1173 1684 1286 1715 saec.
1315 1672 1381 1715 IX
1415 1672 1581 1715 vixisse
1613 1684 1666 1715 ex
1697 1672 1862 1715 Hierici
1893 1672 2063 1715 nomine
2094 1671 2207 1714 idem
2237 1670 2424 1714 Jahnius

358 1749 478 1789 recte
528 1744 759 1799 collegisse
805 1744 991 1788 videtur.
1002 1744 1070 1789 **l
1141 1744 1275 1796 Atqui
1316 1744 1467 1786 mirum
1506 1749 1597 1799 est,
1621 1738 1758 1797 ‘quod
1798 1744 1870 1797 qui
1916 1743 2087 1786 codices
2130 1742 2425 1785 recensionem

358 1818 624 1859 Nicaeanam
656 1816 904 1867 scholiaque
936 1815 1114 1857 Cornuti
1146 1815 1283 1857 eidem
1305 1816 1441 1857 vitam
1474 1816 1598 1857 1101118
1631 1815 1916 1857 tradiderunt.
1978 1814 2206 1857 Invenitur
2237 1813 2350 1856 enim
2380 1813 2425 1854 in

359 1887 452 1930 cod.
486 1885 782 1929 Alexandrino
826 1885 929 1928 bibl.
963 1885 1063 1928 Vat.
1098 1887 1213 1927 2029
1247 1898 1359 1928 saec.
1394 1886 1456 1939 X,
1501 1885 1545 1927 in
1588 1885 1679 1927 cod.
1713 1885 1942 1927 Fauchetii
1987 1885 2090 1927 bibl.
2135 1884 2274 1926 Paris.
2308 1885 2424 1925 8070

360 1970 475 2000 saec.
508 1956 595 2011 XI,
637 1956 681 1999 111
713 1955 962 1998 Mazarineo
995 1954 1108 2007 apud
1139 1954 1401 2009 Achaintre,
1446 1954 1491 1997 in
1524 1954 1905 1997 codd..Vaticanis
1939 1957 2054 1997 2870
2087 1967 2200 1997 saec.
2234 1953 2348 1996 XIII
2380 1955 2425 1996 et

359 2026 566 2070 Urbinati
600 2027 709 2080 342,
758 2038 854 2068 cum
891 2025 1008 2067 absit
1040 2037 1066 2067 a
1098 2024 1189 2067 cod.
1223 2024 1501 2079 Sangallensi
1533 2030 1579 2067 et
1621 2025 1665 2067 in
1696 2024 1933 2068 Pithoeano
1965 2038 1992 2068 a
2021 2024 2264 2068 recentiore
2295 2035 2425 2066 manu

360 2096 583 2151 adscripta
615 2095 688 2140 sit.
752 2094 896 2150 Quare
928 2107 1024 2138 cum
1066 2094 1111 2138 in
1143 2094 1276 2151 Sang.
1310 2108 1394 2139 non
1426 2099 1592 2151 exstet,
1638 2108 1762 2149 quem
1805 2108 1859 2140 ex
1890 2095 2129 2140 Pithoeano
2172 2105 2424 2149 expressum

360 2179 457 2211 esse
491 2166 666 2223 scimus,
699 2177 794 2209 cum
826 2166 1012 2209 maxima
1044 2166 1367 2220 probabilitatis
1401 2166 1545 2221 specie
1579 2166 1768 2210 codicem
1799 2166 1919 2210 illum
1950 2170 2054 2210 ante
2085 2178 2139 2210 ex
2171 2165 2424 2220 Pithoeano,

359 2251 483 2292 quam
516 2237 734 2281 recentior
764 2237 839 2280 illa
870 2249 1023 2279 manus
1055 2237 1191 2279 vitam
1225 2237 1265 2279 ei
1297 2237 1592 2291 adnexuisset,
1625 2238 1889 2291 descriptum
1920 2249 2018 2281 esse
2050 2236 2349 2280 iudicabimus.

500 2309 596 2351 Hac
640 2320 695 2350 ex
737 2320 785 2350 re
829 2307 935 2350 illud
977 2311 1095 2350 certe
1141 2308 1391 2362 collegitur,
1440 2307 1711 2360 antiquorum
1754 2308 2127 2361 pretiosorumque
2167 2306 2424 2349 scholiorum

357 2380 636 2423 vernaculam
678 2382 728 2420 ut
769 2379 833 2421 ita
876 2378 1016 2421 dicam
1058 2391 1153 2420 cum
1196 2378 1291 2421 vita
1322 2378 1666 2421 coniunctionem
1711 2379 1846 2421 statui
1887 2392 1971 2422 non
2012 2391 2156 2433 posse.
2219 2378 2281 2420 At
2312 2377 2424 2419 enim

356 2449 473 2504 apud
504 2449 675 2492 Vallam
708 2448 801 2491 vita
831 2448 996 2503 legitur
1027 2448 1081 2490 ab
1115 2461 1250 2501 eoque
1283 2448 1422 2491 eidem
1455 2449 1523 2491 cui
1554 2453 1720 2504 vetera,
1754 2461 1864 2502 quae
1895 2449 2060 2504 habuit,
2095 2447 2259 2491 scholia
2284 2447 2425 2490 Probo

357 2521 627 2577 assignatur.
680 2519 793 2576 Quid
815 2521 951 2574 ergo?
993 2519 1065 2573 qui
1086 2519 1286 2575 Probum,
1321 2519 1389 2562 cui
1422 2519 1587 2563 scholia
1618 2520 1844 2576 tribueret,
1878 2532 1954 2564 seu
1986 2531 2133 2564 errore
2166 2531 2243 2562 seu
2274 2516 2426 2561 fraude

355 2593 542 2646 invenit,
575 2592 613 2633 is
636 2591 817 2634 eundem
850 2591 969 2633 vitae
1002 2603 1052 2633 ac
1086 2591 1343 2633 scholiorum
1365 2595 1584 2633 auctorem
1605 2591 1770 2645 fingere
1802 2603 1886 2633 non
1908 2592 2080 2644 potuit?
2118 2590 2204 2633 Sed
2227 2589 2425 2642 quoniam

356 2662 443 2705 iam
474 2674 607 2715 supra
638 2661 801 2715 monui,
851 2673 977 2713 quam
1020 2660 1078 2703 sit
1110 2661 1366 2703 scholiorum
1398 2660 1665 2703 Vallensium
1696 2661 1821 2703 varia
1857 2661 2067 2716 conditio,
2112 2660 2270 2713 quippe
2302 2670 2425 2714 quae,

507 2790 540 2831 ')
567 2789 716 2823 Cornuti
742 2799 833 2832 quae
860 2789 993 2823 dicitnr
1023 2788 1264 2823 recensionem
1296 2788 1510 2823 deteriorem
1536 2798 1629 2831 0880,
1668 2788 1737 2823 etsi
1761 2789 1916 2824 omnium
1941 2789 2021 2826 VV.
2047 2788 2126 2824 DD.
2152 2788 2189 2822 in
2214 2797 2323 2822 unum
2347 2797 2427 2821 con-

358 2852 501 2893 gruunt
530 2846 750 2890 sententiae,
787 2852 908 2883 tamen
938 2857 1029 2882 unus
1059 2846 1301 2890 pervivaciter
1325 2851 1437 2891 negat
1461 2847 1505 2882 A.
1530 2846 1846 2883 Haeckermannus
1871 2847 2110 2893 compluribus
2135 2846 2179 2882 de
2205 2856 2249 2881 ea
2273 2855 2312 2880 re
2337 2856 2428 2880 com-

363 2905 645 2943 mentationibus
671 2905 779 2942 editis
804 2907 852 2949 (v,
878 2905 1029 2950 Teuffel,
1056 2905 1182 2942 Gesch.
1209 2906 1243 2944 d.
1268 2909 1355 2942 10111.
1381 2905 1454 2942 Lit.
1480 2916 1565 2951 pag.
1592 2906 1687 2951 732).
1737 2905 1859 2951 Neque
1885 2910 2006 2943 tamen
2032 2906 2067 2943 ei
2092 2904 2262 2950 contigit,
2287 2908 2330 2940 ut
2354 2903 2428 2940 cui-

360 2976 467 3010 quam
502 2964 608 3001 fldem
643 2965 793 3001 faceret.
855 2965 904 3001 Et
937 2975 981 3001 ne
1016 2975 1072 3001 me
1107 2965 1250 3009 quidem
1285 2966 1330 3001 ad
1360 2975 1460 3002 suam
1494 2965 1711 3001 sententiam
1748 2966 1937 3002 traducere
1968 2965 2105 3011 potuit,
2150 2963 2207 3000 cui
2241 2973 2327 2999 saue
2360 2973 2428 3009 ego

363 3024 579 3069 impugnare
605 3024 746 3068 vellem,
772 3024 836 3059 sed
860 3024 898 3058 in
922 3024 1129 3068 angustiam
1154 3023 1259 3058 huius
1283 3023 1398 3059 libelli
1423 3028 1567 3058 coactus
1592 3023 1765 3059 abstineo.

501 3081 556 3124 ⁸¹³)
581 3081 713 3116 Totum
739 3082 805 3115 hoc
831 3081 981 3115 Cornuti
1012 3081 1225 3115 scholiorum
1256 3091 1383 3125 corpus
1414 3081 1534 3115 codice
1560 3082 1802 3117 Laurentiano
1827 3092 1920 3117 saec.
1945 3082 1999 3117 XI
2029 3081 2130 3117 nobis
2154 3084 2336 3115 servatum
2361 3084 2427 3115 esc.
