2774 3681
333 473 409 527 qui
439 484 549 515 sana
578 476 625 515 et
654 472 932 516 considerata
960 472 1181 515 iudicandi
1209 473 1378 515 ratione
1408 473 1559 528 utitur,
1590 474 1720 526 longe
1751 473 1895 516 aberit
1923 478 1974 515 ut
2002 474 2135 517 nimia
2163 475 2265 518 inde
2293 485 2393 519 con-

335 542 470 587 ficiat.
531 542 581 585 Si
609 542 856 594 Juvenalis,
888 541 1001 598 quod
1032 542 1318 585 subdubitans
1349 554 1432 596 ego
1452 541 1688 585 concedere
1718 542 1871 596 ausim,
1902 542 1964 584 ibi
1993 543 2164 600 dicitnr,
2194 547 2393 598 „tenuem

335 612 461 667 vulgi
492 612 729 665 strepentis
760 613 935 655 auram“
967 612 1076 655 nihil
1106 611 1224 655 aliud
1255 624 1354 655 esse
1384 612 1678 666 indicaverim,
1710 623 1839 664 quam
1858 601 2068 666 ,tantum
2098 615 2391 671 successum‘,

334 683 389 727 de
420 696 503 736 quo
533 682 655 726 vitae
685 682 930 738 loquuntur,
970 695 1025 726 ex
1056 682 1210 735 quibus
1241 682 1522 737 Apollinaris,
1564 685 1693 735 poeta
1723 682 2015 738 doctissimus,
2046 684 2243 727 notitiam
2272 685 2393 729 illam

336 752 575 807 sumpsisse
605 752 822 806 putandus
854 755 937 796 est.
2373 763 2377 767 ’

476 823 508 866 J
509 836 579 866 am
623 835 728 865 vero
772 822 1006 866 Teuffelius
1047 835 1227 874 eumque
1271 826 1446 865 secutus
1493 823 1547 866 A.
1582 822 1862 866 Weidnerus:
1923 824 1977 866 D.
2020 824 2124 867 Jun.
2162 825 2391 868 Juvenalis

335 897 512 938 saturae
543 894 711 937 erklart
740 893 926 947 Leipzig
958 895 1069 936 1873
1091 906 1192 948 pag.
1216 895 1267 937 21
1294 893 1411 937 aliud
1432 906 1487 937 ex
1507 893 1656 937 eodem
1676 894 1943 947 Apollinaris
1963 894 2056 937 loco
2077 898 2391 951 argumentum,

334 977 417 1017 quo
447 963 717 1007 Hadrianum
747 963 866 1006 exilii
896 966 1115 1007 auctorem
1152 954 1267 1007 esse*
1289 964 1605 1019 ostenderetur,
1643 964 1834 1018 depromi
1870 977 1999 1018 posse
2035 965 2239 1008 arbitrati
2276 969 2390 1010 sunt.

332 1034 391 1078 Ei
420 1034 558 1078 verba
593 1033 831 1088 „consimili
861 1034 990 1078 casu“
1025 1033 1090 1077 ita
1118 1033 1474 1089 interpretantes,
1512 1037 1562 1077 ut
1591 1033 1704 1077 idem
1736 1034 1826 1078 sint
1856 1034 1968 1088 quod
2004 1038 2208 1089 „aeterno
2237 1037 2387 1080 reatu‘

335 1107 508 1167 poetam
539 1104 594 1148 ab
624 1103 846 1149 Hadriano
877 1104 922 1149 in
953 1103 1127 1148 exilium
1157 1103 1336 1149 missum
1365 1116 1593 1158 numquam
1624 1104 1803 1149 Romam
1834 1105 2002 1150 redisse
2033 1105 2275 1163 collegunt;
2308 1119 2395 1161 qua

333 1176 388 1219 de
419 1175 780 1229 interpretatione
811 1188 896 1218 non
927 1178 998 1219 est
1026 1179 1076 1218 ut
1105 1175 1276 1229 longius
1314 1175 1542 1228 disputem.
1604 1176 1674 1219 Ex
1716 1176 1790 1219 illo
1833 1177 1947 1219 enim
1988 1177 2256 1230 Apollinaris
2298 1177 2393 1221 loco

333 1246 504 1290 omnino
535 1246 642 1289 nihil
686 1246 902 1300 collegere
941 1245 1058 1301 licet,
1102 1245 1204 1298 quia
1244 1258 1383 1299 neque
1426 1246 1479 1289 de
1520 1259 1602 1299 qno
1643 1250 1773 1300 poeta
1806 1247 2072 1300 Apollinaris
2113 1247 2394 1305 cogitaverit,

335 1317 445 1361 satis
478 1320 653 1360 constat
672 1329 811 1370 neque
833 1319 1089 1371 argumenta
1109 1316 1293 1370 proferri
1313 1320 1510 1373 possunt,
1533 1316 1688 1369 quibus
1710 1329 1806 1360 eum
1827 1318 2012 1361 certiore
2033 1317 2177 1373 aliquo
2198 1321 2391 1375 auctore,

334 1403 460 1442 quam
490 1389 596 1431 vitis
628 1389 712 1431 fide
743 1389 870 1441 plane
900 1387 1093 1441 indignis
1125 1400 1249 1429 usum
1279 1400 1378 1429 esse
1409 1389 1722 1440 comprobetur.
1784 1388 1894 1430 Nam
1930 1389 1975 1431 in
2012 1389 2142 1432 exilio
2179 1394 2392 1432 mortuum

331 1472 431 1502 esse
461 1459 493 1502 J
493 1459 721 1502 uvenalem
752 1459 882 1501 etiam
913 1458 958 1500 in
988 1457 1095 1500 vitis
1125 1458 1341 1500 nonnullis
1374 1458 1581 1511 scriptum
1611 1462 1694 1500 est.

475 1530 598 1571 Nunc
630 1542 725 1571 cum
756 1528 947 1571 rationes
980 1527 1270 1582 subducimus,
1308 1528 1353 1570 in
1384 1541 1479 1571 eam
1510 1542 1589 1570 nos
1621 1529 1882 1571 sententiam
1913 1529 2070 1572 adduci
2101 1530 2311 1586 videmus,
2342 1535 2393 1573 ut

333 1599 508 1642 exilium
540 1613 617 1651 pro
649 1598 807 1641 ficticio
838 1599 1086 1640 habeamus.
1149 1597 1234 1641 Sed
1264 1598 1329 1640 ita
1359 1611 1442 1640 non
1481 1612 1563 1652 ego
1606 1598 1767 1651 primus
1808 1598 1963 1652 iudico,
2005 1600 2254 1642 auctoribus
2278 1598 2393 1643 'utor

331 1670 384 1712 V.
418 1670 621 1712 Francke
652 1682 719 1711 ex.
753 1682 812 1710 cr.
845 1681 944 1720 pag.
978 1670 1035 1709 42
1068 1667 1177 1721 sqq.,
1209 1667 1264 1709 H.
1297 1667 1538 1710 Diintzero:
1571 1668 1690 1710 Neue
1720 1668 1872 1710 Jahrb.
1907 1668 2055 1721 Suppl.
2078 1669 2153 1712 VI.
2178 1683 2280 1724 pag.
2304 1673 2390 1712 376

333 1755 443 1794 sqq.,
477 1740 522 1782 C.
556 1739 750 1791 Kempfio
782 1739 811 1781 l.
843 1739 871 1780 l.
904 1751 1004 1790 pag.
1038 1740 1113 1780 64:
1162 1738 1241 1790 „de
1285 1738 1423 1779 satira
1463 1738 1560 1792 XV,
1604 1752 1712 1789 quae
1754 1740 1833 1780 sub
1863 1738 1968 1780 ιῘιΝ.
2001 1739 2171 1781 nomine
2212 1740 2391 1782 circum·

331 1811 512 1853 fertur“.
574 1809 646 1851 Ex
676 1809 740 1851 eis
781 1822 891 1850 unus
931 1808 1153 1860 Kempfius
1193 1822 1298 1850 vere
1340 1809 1591 1861 collegendo
1633 1822 1723 1850 rem
1765 1809 1850 1850 rite
1881 1809 2118 1860 expedivit.
2180 1809 2263 1863 Qui
2295 1824 2391 1853 cum

332 1881 506 1925 exilium
550 1894 576 1922 a
619 1878 912 1933 grammaticis
953 1881 1237 1921 commentum
1279 1892 1377 1922 esse
1414 1883 1551 1933 putet,
1594 1880 1770 1921 satiram
1801 1880 1885 1921 XV
1915 1880 2123 1922 Juvenali
2154 1881 2389 1924 abiudicat.

332 1952 473 1995 Huius
506 1951 619 1996 enim
651 1950 813 1993 satirae
844 1953 995 1993 auctor
1026 1963 1073 1993 se
1104 1950 1352 2004 Aegyptum
1383 1950 1528 1993 adisse
1559 1951 1724 1993 fatetur
1753 1964 1795 1992 v.
1829 1951 1897 1993 45.
1962 1951 2066 1993 Cum
2101 1951 2239 2005 igitur
2268 1952 2390 1995 vitae

331 2036 480 2067 omnes
524 2022 615 2066 fere
662 2021 835 2065 exilium
879 2034 974 2065 cum
1017 2020 1367 2075 peregrinatione
1410 2020 1632 2075 Aegyptia
1674 2020 1958 2076 coniungant,
2004 2022 2174 2074 quando
2218 2022 2388 2076 quidem

330 2094 507 2139 exilium
537 2092 684 2136 fictum
715 2095 798 2148 est,
831 2105 907 2146 pro
935 2105 1042 2135 vera
1071 2092 1223 2136 haberi
1253 2105 1338 2135 non
1369 2095 1527 2145 potest.
1589 2091 1641 2135 Id
1673 2092 1710 2135 si
1741 2091 1797 2134 ad
1817 2092 1934 2134 vitas
1967 2096 2213 2145 spectamus
2244 2093 2309 2136 ita
2339 2107 2389 2138 se

329 2165 482 2220 habet;
527 2163 605 2207 sed
635 2163 871 2217 neglegere
903 2175 977 2205 eas
1021 2162 1137 2205 licet.
1199 2161 1386 2205 Proinde
1417 2162 1489 2214 qui
1520 2162 1789 2205 deverticula
1820 2162 2143 2219 quaesivenmt,
2182 2163 2388 2208 audiendi

330 2238 445 2279 sunt.
507 2233 705 2277 Fuerunt
747 2232 895 2288 igitur,
940 2232 1012 2285 qui
1055 2231 1254 2276 Salmasii
1296 2232 1470 2286 (Exere.
1515 2231 1626 2275 Plin.
1669 2245 1770 2286 pag.
1816 2233 1918 2286 451)
1957 2232 2169 2276 rationem
2199 2233 2388 2288 amplexi

327 2304 360 2349 J
360 2303 588 2348 nvenalem
659 2305 864 2357 putarent
945 2302 1101 2357 „animi
1170 2313 1327 2346 caussa
1401 2308 1465 2343 καὶ
1512 2309 1583 2350 τῆς
1631 2307 1798 2359 ἱστορίας
1844 2303 1985 2359 χάριν“
2062 2302 2263 2347 iuvenem
2341 2303 2388 2349 in

328 2375 578 2430 Aegyptum
618 2373 703 2416 iter
742 2372 915 2416 fecisse.
977 2372 1056 2415 Cui
1099 2372 1300 2416 Salmasii
1343 2372 1585 2415 sententiae
1629 2384 1722 2415 cum
1766 2373 1839 2415 alii
1884 2378 1973 2415 tum
2019 2374 2298 2417 Heinrichins
2341 2375 2387 2418 in

330 2445 560 2488 summario
593 2444 754 2486 satirae
785 2444 869 2486 XV
900 2444 1120 2497 proposito
1164 2448 1209 2486 et
1240 2444 1286 2486 C.
1320 2444 1394 2485 Fr.
1427 2444 1699 2486 Hermannus
1740 2444 1784 2485 in
1827 2456 1913 2485 rec.
1953 2444 1999 2486 C.
2032 2445 2220 2498 Kempfii
2249 2445 2388 2488 libelli

329 2518 624 2559 accesserunt.
697 2514 920 2568 Propriam
966 2514 1082 2557 viam
1118 2515 1344 2569 ingressus
1385 2517 1454 2557 est
1484 2514 1537 2557 V.
1576 2514 1775 2556 Francke
1817 2526 1883 2556 ex.
1924 2527 1984 2557 cr.
2026 2527 2128 2570 pag.
2167 2517 2248 2558 107
2290 2528 2384 2569 sqq.

327 2588 541 2640 probante
563 2586 615 2629 G.
639 2587 902 2641 Hermanno,
935 2585 1008 2638 qui
1038 2585 1184 2628 nescio
1216 2599 1272 2628 an
1303 2589 1454 2628 auctor
1486 2585 1685 2638 discipuli
1717 2584 1783 2626 sui
1815 2585 2061 2628 sententiae
2089 2585 2161 2628 sit.
2223 2586 2269 2628 Is
2300 2599 2385 2629 11011

327 2659 451 2702 1110ᾱο
484 2659 681 2716 exilium,
724 2658 801 2701 sed
826 2657 958 2701 etiam
988 2658 1073 2700 iter
1115 2657 1379 2713 Aegyptium
1410 2656 1613 2699 ficticium
1645 2668 1743 2698 esse
1774 2651 1996 2712 iudicans,
2043 2668 2098 2698 ne
2132 2656 2270 2699 satira
2300 2655 2385 2699 XV

326 2730 535 2774 Juvenali
565 2730 852 2773 abiudicanda
883 2742 982 2772 esse
1012 2730 1232 2785 videatur,
1272 2742 1427 2772 versus
1459 2729 1631 2770 44—48
1674 2726 1874 2782 „horrida
1912 2752 1966 2757 ——
2006 2727 2324 2771 titubantibus“
2359 2740 2385 2770 0

327 2804 453 2843 textu
490 2802 606 2843 eicit.
681 2801 835 2842 Nentri
878 2801 1067 2853 opinioni
1109 2800 1326 2842 assentire
1368 2812 1555 2853 possum.
1632 2798 1939 2840 Examinemus
1971 2799 2153 2851 primum
2184 2798 2384 2841 Salmasii

328 2871 604 2914 sententiam.

470 2943 579 2983 Num
612 2947 742 2995 poeta
772 2941 984 2995 flagitium
1015 2941 1279 2995 Aegyptium
1310 2942 1373 2983 ita
1403 2945 1563 2995 narret,
1607 2946 1812 2991 tanquam
1844 2941 2042 2981 oculatus
2073 2939 2203 2982 testis
2235 2939 2381 2994 fuerit,

327 3021 412 3052 non
442 3010 619 3053 videtur
650 3009 944 3052 dubitandum.
1006 3010 1216 3052 Versibus
1248 3011 1361 3052 enim
1394 3012 1565 3051 26—29
1597 3022 1660 3064 eo,
1694 3010 1857 3064 opinor,
1889 3014 2019 3062 poeta
2051 3008 2287 3063 spectavit,
2331 3011 2383 3050 ut

328 3084 466 3122 semet
496 3080 653 3136 ipsum,
696 3080 768 3133 qui
800 3093 909 3133 quae
940 3083 1194 3122 narraturus
1227 3084 1346 3122 esset
1376 3092 1460 3121 non
1492 3079 1607 3121 solus
1639 3078 1840 3134 vidisset,
1880 3078 1998 3121 Ulixi
2029 3081 2276 3133 opponeret,
2308 3076 2382 3130 qui

326 3160 473 3192 earum
503 3163 660 3206 rerum,
693 3164 800 3204 quas
832 3151 1088 3204 adspexisse
1118 3163 1165 3193 se
1197 3151 1433 3204 simularet,
1465 3154 1623 3192 testem
1654 3149 1817 3191 nullum
1840 3150 1984 3191 dicere
2015 3148 2241 3202 potuisset.
2294 3147 2382 3190 Sed

2073 3241 2093 3263 0
