2774 3681
1242 252 1532 293 -12—

354 392 458 435 pars
489 378 736 423 accuratius
773 392 859 423 non
896 379 1119 436 definitur,
1164 384 1210 425 et
1249 381 1509 435 locupletem
1552 379 1590 424 si
1629 383 1800 435 patrem
1838 394 1915 424 seu
1961 381 2144 427 altorem
2187 384 2219 427 J
2221 383 2419 428 uvenalis

354 450 494 496 fuisse
525 451 671 507 scivit,
704 463 782 495 cur
811 452 906 496 eius
937 464 1091 496 nomen
1122 465 1207 496 non
1238 452 1390 496 attulit
1421 451 1637 506 scriptor?
2188 481 2191 483 -

497 521 663 577 Quodsi
698 522 753 566 G.
785 522 1062 566 Hermannus
1100 523 1143 566 in
1176 523 1427 566 recensione
1469 522 1567 566 Val.
1608 521 1817 565 hanckfi
1856 522 1993 566 libelli
2035 523 2105 568 cui
2147 524 2418 569 inscribitur:

353 593 553 636 Examen
584 593 783 636 criticum
813 594 867 636 D.
899 594 1003 637 Jun.
1035 594 1066 635 J
1067 606 1139 637 uv.
1172 594 1307 649 vitae,
1338 594 1524 637 Altonae
1559 595 1672 636 1820
1699 593 1743 636 in
1764 592 1914 647 Leipz.
1937 593 2264 640 Literaturzeit.
2292 595 2417 639 1822.

353 677 455 719 pag.
497 666 606 706 1811
655 664 768 707 hanc
810 664 947 706 vitam
988 668 1237 716 excerptam
1277 677 1376 707 esse
1423 664 1594 707 censuit
1638 676 1692 707 ex
1737 664 1833 706 vita
1877 665 2182 709 vetustissima
2223 667 2278 709 ab
2323 666 2419 719 ipso

354 735 563 779 Suetonio
595 734 774 790 scripta,
806 746 919 777 nunc
950 736 1094 776 autem
1126 733 1367 789 deperdita,
1399 733 1510 778 false
1540 733 1585 777 id
1614 733 1850 777 iudicatum
1870 747 1969 777 esse
1989 739 2185 789 apparet.
2230 737 2419 780 Primum

355 805 470 861 quod
499 805 845 849 vetustissimam
875 804 1014 847 vitam
1044 817 1071 847 a
1103 804 1307 848 Suetonio
1339 804 1546 858 scriptam
1577 804 1803 847 exstitisse
1834 808 1980 860 putat,
2013 817 2134 848 error
2164 811 2247 850 est.
2310 808 2419 850 Nam

355 877 609 923 Suetonium
651 875 882 920 Juvenalis
928 875 1065 919 vitam
1111 875 1343 929 scripsisse
1389 889 1521 929 supra
1566 889 1647 931 ego
1695 877 1754 929 (v.
1799 889 1901 931 pag.
1938 879 1956 918 1
1993 880 2040 919 et
2071 879 2115 931 2)
2143 878 2418 932 gravissimis

355 948 547 993 laudatis
592 946 842 991 auctoribus
893 946 1067 1000 negavi.
1130 946 1217 990 Sed
1267 946 1477 989 faciamus
1530 947 1641 989 hanc
1686 946 1837 1001 vitam,
1889 946 1942 989 de
1994 960 2080 1000 qua
2129 949 2314 1003 agimus,
2364 960 2419 991 ex

355 1018 598 1063 vetustiore
641 1017 773 1060 etiam
816 1016 974 1059 incerti
1013 1016 1205 1059 auctoris
1245 1016 1341 1059 vita
1385 1029 1638 1070 expressam
1683 1029 1801 1060 esse:
1854 1021 1924 1060 est
1968 1017 2152 1075 aliquid,
2198 1019 2311 1072 quod
2355 1018 2420 1062 ita

356 1102 536 1135 censere
566 1101 645 1132 nos
677 1090 814 1131 vetet.
879 1087 961 1141 Qui
992 1087 1106 1131 enim
1137 1091 1359 1131 vetustam
1391 1101 1570 1141 eamque
1608 1088 1823 1143 integram
1864 1092 1910 1130 et
1952 1089 2123 1142 plenam
2165 1089 2303 1133 vitam
2346 1102 2418 1133 ex-

355 1160 614 1215 cerpendam
661 1159 746 1203 sibi
792 1158 1039 1214 sumpserit,
1088 1172 1182 1202 eum
1230 1159 1468 1202 verisimile
1514 1172 1620 1202 sane
1667 1163 1737 1202 est
1779 1160 1915 1202 multa
1958 1160 2230 1203 brevioribus
2270 1161 2418 1204 verbis

353 1232 649 1286 contraxisse3
681 1234 730 1274 at
760 1230 857 1283 quis
890 1230 1125 1273 crediderit
1155 1244 1252 1273 eum
1283 1231 1456 1274 nomina
1487 1231 1564 1274 illa
1595 1244 1705 1284 quae
1736 1231 1872 1273 allata
1902 1231 1963 1274 ibi
1995 1232 2088 1274 sine
2119 1232 2247 1275 dubio
2269 1235 2419 1275 essent

354 1304 613 1350 omissurum
643 1305 721 1347 aut
751 1315 804 1346 ea
834 1302 888 1346 de
921 1301 1076 1355 quibus
1108 1301 1282 1345 dubium
1312 1302 1372 1346 ibi
1405 1316 1503 1346 esse
1524 1316 1609 1346 non
1631 1307 1782 1357 posset
1802 1303 1972 1347 incerta
1991 1304 2259 1347 redditurum
2280 1304 2418 1347 fuisse

353 1388 406 1420 ac
443 1374 604 1419 dubia?
664 1374 799 1418 Immo
829 1386 936 1416 vero
972 1387 1069 1416 eum
1110 1373 1319 1417 euismodi
1356 1374 1572 1418 hominum
1602 1387 1761 1417 morem
1799 1374 1935 1418 fuisse
1980 1378 2174 1430 constat,
2215 1379 2265 1418 111
2307 1388 2417 1428 quae

356 1447 528 1491 incerta
564 1444 813 1489 invenirent
854 1444 1009 1487 relicta
1052 1457 1105 1487 ea
1147 1457 1223 1499 pro
1270 1445 1403 1489 certis
1450 1445 1594 1499 potius
1631 1446 1911 1490 venditarent
1957 1459 2084 1499 quam
2129 1449 2179 1489 ut
2224 1446 2420 1490 facerent

355 1517 631 1561 contrarium.
688 1516 833 1578 Atque
863 1515 1005 1568 ipsum
1036 1515 1150 1558 hunc
1182 1516 1559 1569 grammaticorum
1590 1528 1750 1559 morem
1781 1517 2016 1560 observare
2046 1516 2152 1560 licet
2181 1516 2227 1560 in
2257 1516 2417 1560 ceteris

353 1588 473 1631 vitis.
536 1587 646 1630 Nam
677 1586 802 1629 huius
833 1586 955 1629 vitae
986 1590 1139 1629 auctor
1177 1586 1287 1629 satis
1328 1587 1480 1630 habuit
1520 1588 1633 1641 quod
1672 1588 1845 1631 exilium
1889 1591 1935 1632 et
1978 1600 2176 1632 caussam
2219 1587 2312 1632 eius
2355 1587 2418 1631 in-

352 1660 571 1712 venisset;
603 1658 678 1710 qui
708 1670 814 1700 vero
845 1661 1000 1710 postea
1031 1658 1212 1700 edendis
1247 1658 1396 1700 satiris
1428 1659 1565 1701 vitam
1594 1659 1824 1702 Juvenalis
1856 1659 2016 1702 addere
2047 1659 2274 1713 volebant,
2305 1657 2337 1701 ii
2368 1671 2418 1701 eo

352 1743 438 1774 non
470 1728 664 1774 contenti
694 1728 806 1771 alius
838 1728 892 1770 de
923 1728 1007 1770 alio
1039 1728 1300 1782 imperatore
1333 1729 1601 1784 cogitarunt,
1634 1729 1679 1771 in
1710 1729 1908 1772 diversas
1940 1729 2142 1772 abierunt
2174 1728 2416 1771 sententias

352 1802 406 1844 de
445 1800 656 1854 supremis
688 1802 843 1853 poetae
874 1799 1035 1841 aetatis
1068 1800 1215 1855 annis,
1261 1799 1564 1842 dissenserunt
1607 1802 1749 1842 utrum
1789 1811 1843 1843 ex
1880 1799 2010 1843 exilio
2048 1798 2237 1844 redisset
2268 1811 2418 1856 necne,

353 1872 524 1925 quando
566 1874 762 1913 mortuus
805 1874 945 1925 esset,
992 1870 1066 1911 ubi
1108 1871 1269 1912 satiras
1314 1870 1587 1925 scripsisset,
1634 1871 1849 1923 permulta
1891 1870 2075 1923 denique
2118 1882 2272 1927 eorum.
2291 1882 2418 1923 -quae

326 1983 329 1987 ,
352 1942 658 1986 vetustissima
689 1942 784 1984 vita
815 1941 997 1995 praebet
1027 1941 1100 1983 vel
1131 1944 1412 1983 mutaverunt
1442 1941 1515 1984 vel
1552 1941 1939 1995 amplificaverunt.
2002 1941 2054 1984 Id
2090 1941 2204 1997 enim
2247 1944 2293 1983 et
2335 1953 2417 1995 ego

353 2028 449 2059 cum
475 2013 694 2069 plerisque
716 2011 809 2055 VV.
832 2012 928 2055 DD.
958 2011 1100 2067 credo,
1133 2011 1323 2065 reliquas
1355 2012 1489 2067 vitas,
1523 2025 1630 2065 quas
1663 2016 1836 2065 praeter
1857 2025 1965 2067 eam,
1998 2026 2083 2065 qua
2105 2012 2158 2055 de
2180 2011 2416 2067 disputavi,

352 2086 566 2142 novimus,
611 2097 666 2128 ex
695 2084 794 2138 ipsa
836 2083 912 2127 illa
953 2083 1020 2125 sin
1065 2082 1205 2126 minus
1252 2087 1393 2138 recta,
1440 2087 1487 2126 at
1533 2083 1662 2126 aliam
1708 2096 1786 2137 per
1831 2083 1959 2126 aliam
2004 2096 2218 2127 manasse.
2281 2082 2418 2137 Quam

353 2156 617 2201 sententiam
646 2159 696 2197 ut
727 2155 1011 2208 comprobem,
1044 2166 1173 2196 unum
1203 2153 1310 2196 illud
1342 2153 1496 2197 afferre
1528 2154 1662 2208 lubet,
1705 2154 1815 2206 quod
1855 2154 1991 2197 verba
2029 2154 2087 2197 ad
2127 2154 2303 2196 mediam
2330 2154 2419 2209 fere

351 2234 523 2272 aetatem
553 2228 792 2269 declamavit
822 2225 948 2279 plane
970 2225 1120 2267 eadem
1151 2225 1195 2267 in
1227 2224 1422 2267 omnibus
1444 2224 1551 2267 vitis
1583 2225 1788 2278 leguntur
1818 2224 2014 2277 exceptis
2039 2224 2145 2267 vitis
2167 2225 2230 2267 IV
2251 2228 2297 2267 et
2317 2224 2416 2268 VII.

354 2297 479 2353 Quod
510 2300 657 2339 autem
685 2296 731 2338 111
762 2308 909 2338 earum
941 2295 1083 2337 altera
1113 2308 1191 2348 pro
1222 2295 1311 2337 illis
1355 2283 1595 2338 invenitur:
1639 2296 1876 2340 declamavit
1916 2296 2031 2338 haud
2069 2296 2260 2338 mediocri
2297 2297 2418 2350 fama

352 2376 400 2413 ut
437 2372 522 2427 ipse
563 2368 702 2410 scribit
749 2373 809 2421 „et
851 2381 924 2409 nos
955 2368 1169 2409 consilium
1200 2367 1385 2409 dedimus
1417 2367 1581 2409 Βαῖίαεα
1618 2365 1790 2409 omissis
1821 2365 1969 2409 verbis
2001 2381 2127 2423 usque
2155 2367 2213 2409 ad
2242 2367 2418 2409 mediam

348 2443 438 2498 fere
466 2446 637 2484 aetatem
668 2441 715 2481 01
746 2437 860 2492 quod
889 2437 934 2480 in
966 2438 1107 2481 altera
1139 2437 1500 2480 declamationum
1531 2437 1651 2480 nulla
1688 2437 1856 2480 omnino
1899 2437 2060 2480 mentio
2104 2436 2173 2493 fit,
2218 2436 2418 2490 quoniam

351 2511 398 2556 id
427 2514 478 2555 ut
509 2510 698 2555 sciretur
728 2521 813 2552 non
843 2520 1106 2564 magnopere
1137 2509 1353 2553 interesse
1383 2508 1525 2552 visum
1558 2511 1647 2552 est:
1680 2520 1805 2561 quem
1826 2507 2002 2551 tandem
2022 2507 2067 2551 id
2088 2506 2290 2564 offendet,
2323 2520 2419 2551 cum

353 2582 553 2637 quamvis
586 2581 678 2624 sint
707 2581 753 2623 in
783 2581 925 2623 altera
954 2579 1157 2622 breviata
1195 2579 1241 2622 in
1278 2580 1419 2623 altera
1448 2578 1738 2632 multiplicata
1769 2579 1917 2635 verba,
1949 2591 2021 2621 res
2053 2582 2199 2622 tamen
2230 2578 2275 2622 in
2300 2582 2418 2622 utra-

352 2667 436 2708 que
466 2653 559 2697 fere
590 2652 769 2696 eaedem
800 2664 852 2694 ac
882 2652 926 2694 in
957 2651 1136 2703 reliquis
1168 2651 1460 2694 inveniantur.
1522 2650 1683 2693 Verum
1719 2650 1830 2692 addo
1872 2653 1917 2692 et
1959 2650 2067 2692 illud
2108 2650 2261 2706 etiam,
2306 2649 2419 2703 quod

351 2724 544 2778 reliquas
575 2723 695 2767 vitas
736 2722 998 2776 compositas
1040 2734 1138 2765 esse
1182 2725 1286 2775 puto
1330 2721 1566 2765 veterrima
1607 2721 1684 2764 illa
1722 2734 1807 2764 non
1848 2721 1934 2764 iam
1977 2720 2112 2764 oculis
2156 2720 2328 2764 obiecta
2373 2724 2419 2763 et

354 2794 592 2851 proposita,
626 2794 705 2837 sed
735 2794 779 2837 in
810 2793 1010 2837 notitiam
1043 2793 1198 2836 saltem
1229 2793 1401 2846 perlata
1431 2796 1477 2836 et
1507 2792 1739 2845 aliquando
1760 2796 1891 2835 antea
1910 2792 2117 2846 perlecta.
2159 2791 2252 2847 Quo
2273 2794 2419 2834 autem

353 2866 508 2911 melius
530 2878 617 2919 qua
645 2865 814 2909 ratione
835 2864 985 2908 variae
1006 2864 1127 2907 vitae
1155 2867 1277 2907 ortae
1300 2864 1389 2907 sint
1408 2863 1713 2919 perspiciatur,
1744 2863 1839 2906 vita
1859 2864 2069 2917 quaedam
2090 2862 2418 2906 recentissimae

352 2937 516 2981 aetatis
546 2936 806 2991 inspiciatur
835 2935 980 2990 velim,
1012 2948 1125 2979 anno
1161 2936 1272 2978 1859
1304 2936 1360 2979 ab
1381 2934 1432 2979 Ο.
1454 2933 1695 2978 Ribbeckio
1726 2934 1771 2977 in
1791 2933 1927 2989 praef.
1951 2934 2055 2977 edit.
2076 2934 2182 2978 Juv.
2205 2946 2306 2987 pag.
2328 2932 2419 2976 XII

352 3012 400 3053 et
429 3007 682 3063 excogitata
712 3010 759 3051 et
789 3006 922 3051 edita.
985 3006 1054 3050 Ea
1084 3006 1367 3062 gravissimo,
1399 3005 1570 3062 opinor,
1602 3005 1856 3049 documento
1886 3004 1990 3048 mihi
2022 3009 2112 3061 est,
2151 3016 2247 3048 cum
2277 3002 2418 3047 dicam

353 3078 732 3134 grammaticorum
769 3077 950 3121 arbitrio
982 3080 1028 3120 et
1061 3076 1310 3121 temeritate
1341 3076 1623 3131 principalem
1654 3075 1772 3120 illam
1801 3079 1939 3119 vitam
1970 3075 2016 3120 111
2046 3074 2272 3131 permultis
2303 3073 2419 3117 haud

351 3150 629 3193 mediocriter
658 3148 961 3192 transformari
992 3148 1200 3202 potuisse.
