<?xml version="1.0" encoding="UTF-8"?>
<!DOCTYPE html PUBLIC "-//W3C//DTD XHTML 1.0 Transitional//EN"
    "http://www.w3.org/TR/xhtml1/DTD/xhtml1-transitional.dtd">
<html xmlns="http://www.w3.org/1999/xhtml" xml:lang="en" lang="en">
 <head>
  <title>
</title>
<meta http-equiv="Content-Type" content="text/html;charset=utf-8" />
  <meta name='ocr-system' content='tesseract 3.04.00' />
  <meta name='ocr-capabilities' content='ocr_page ocr_carea ocr_par ocr_line ocrx_word'/>
</head>
<body>
  <div class='ocr_page' id='page_1' title='image "4769578_0013.png"; bbox 0 0 2774 3681; ppageno 0'>
   <div class='ocr_carea' id='block_1_1' title="bbox 1221 284 1479 323">
    <p class='ocr_par' dir='ltr' id='par_1_1' title="bbox 1221 284 1479 323">
     <span class='ocr_line' id='line_1_1' title="bbox 1221 284 1479 323; baseline 0 -12"><span class='ocrx_word' id='word_1_1' title='bbox 1221 284 1479 323; x_wconf 59' lang='grc'>,5-</span> 
     </span>
    </p>
   </div>
   <div class='ocr_carea' id='block_1_2' title="bbox 324 409 2389 2727">
    <p class='ocr_par' dir='ltr' id='par_1_2' title="bbox 324 409 2383 1668">
     <span class='ocr_line' id='line_1_2' title="bbox 324 409 2379 466; baseline -0.001 -11"><span class='ocrx_word' id='word_1_2' title='bbox 324 416 374 455; x_wconf 91' lang='lat' dir='ltr'>ut</span> <span class='ocrx_word' id='word_1_3' title='bbox 392 411 425 454; x_wconf 88' lang='lat' dir='ltr'><strong>J</strong></span> <span class='ocrx_word' id='word_1_4' title='bbox 425 410 544 453; x_wconf 86' lang='lat' dir='ltr'>ahnii</span> <span class='ocrx_word' id='word_1_5' title='bbox 576 410 716 463; x_wconf 87' lang='lat' dir='ltr'>(proll.</span> <span class='ocrx_word' id='word_1_6' title='bbox 739 422 839 464; x_wconf 85' lang='lat' dir='ltr'><strong>pag.</strong></span> <span class='ocrx_word' id='word_1_7' title='bbox 867 411 965 463; x_wconf 88' lang='lat'>156)</span> <span class='ocrx_word' id='word_1_8' title='bbox 997 409 1144 452; x_wconf 84' lang='lat' dir='ltr'>verbis</span> <span class='ocrx_word' id='word_1_9' title='bbox 1177 414 1289 464; x_wconf 87' lang='lat' dir='ltr'>utar,</span> <span class='ocrx_word' id='word_1_10' title='bbox 1326 410 1508 463; x_wconf 89' lang='lat' dir='ltr'>„partim</span> <span class='ocrx_word' id='word_1_11' title='bbox 1540 410 1726 463; x_wconf 81' lang='lat' dir='ltr'><strong>optimae</strong></span> <span class='ocrx_word' id='word_1_12' title='bbox 1759 415 1887 453; x_wconf 90' lang='lat' dir='ltr'>notae</span> <span class='ocrx_word' id='word_1_13' title='bbox 1919 416 1965 452; x_wconf 92' lang='lat' dir='ltr'>et</span> <span class='ocrx_word' id='word_1_14' title='bbox 1995 412 2188 466; x_wconf 85' lang='lat' dir='ltr'>antiqua,</span> <span class='ocrx_word' id='word_1_15' title='bbox 2219 411 2379 465; x_wconf 89' lang='lat' dir='ltr'>partim</span> 
     </span>
     <span class='ocr_line' id='line_1_3' title="bbox 324 479 2378 537; baseline -0 -11"><span class='ocrx_word' id='word_1_16' title='bbox 324 497 353 526; x_wconf 85' lang='lat' dir='ltr'>a</span> <span class='ocrx_word' id='word_1_17' title='bbox 392 481 504 525; x_wconf 89' lang='lat' dir='ltr'>male</span> <span class='ocrx_word' id='word_1_18' title='bbox 547 480 687 523; x_wconf 90' lang='lat' dir='ltr'>doctis</span> <span class='ocrx_word' id='word_1_19' title='bbox 731 479 927 533; x_wconf 87' lang='lat' dir='ltr'>profecta</span> <span class='ocrx_word' id='word_1_20' title='bbox 966 493 1065 523; x_wconf 86' lang='lat' dir='ltr'>esse</span> <span class='ocrx_word' id='word_1_21' title='bbox 1095 480 1350 523; x_wconf 80' lang='lat' dir='ltr'>videantur“</span> <span class='ocrx_word' id='word_1_22' title='bbox 1364 515 1374 535; x_wconf 95' lang='lat'>,</span> <span class='ocrx_word' id='word_1_23' title='bbox 1418 481 1533 523; x_wconf 89' lang='lat' dir='ltr'>haud</span> <span class='ocrx_word' id='word_1_24' title='bbox 1568 482 1775 524; x_wconf 86' lang='lat' dir='ltr'><strong>absonam</strong></span> <span class='ocrx_word' id='word_1_25' title='bbox 1815 483 2039 535; x_wconf 88' lang='lat' dir='ltr'>putaveris</span> <span class='ocrx_word' id='word_1_26' title='bbox 2071 483 2378 537; x_wconf 87' lang='lat' dir='ltr'>coniecturam,</span> 
     </span>
     <span class='ocr_line' id='line_1_4' title="bbox 326 547 2379 609; baseline -0 -12"><span class='ocrx_word' id='word_1_27' title='bbox 326 553 438 609; x_wconf 90' lang='lat' dir='ltr'>quod</span> <span class='ocrx_word' id='word_1_28' title='bbox 469 547 747 606; x_wconf 85' lang='lat' dir='ltr'>quaecunque</span> <span class='ocrx_word' id='word_1_29' title='bbox 778 550 823 594; x_wconf 92' lang='lat' dir='ltr'>in</span> <span class='ocrx_word' id='word_1_30' title='bbox 855 550 941 594; x_wconf 92' lang='lat' dir='ltr'>illis</span> <span class='ocrx_word' id='word_1_31' title='bbox 974 564 1087 594; x_wconf 88' lang='lat' dir='ltr'>nova</span> <span class='ocrx_word' id='word_1_32' title='bbox 1118 550 1289 594; x_wconf 83' lang='lat' dir='ltr'><strong>subsint</strong></span> <span class='ocrx_word' id='word_1_33' title='bbox 1319 556 1397 594; x_wconf 88' lang='lat' dir='ltr'>aut</span> <span class='ocrx_word' id='word_1_34' title='bbox 1416 555 1597 607; x_wconf 89' lang='lat' dir='ltr'>mutata,</span> <span class='ocrx_word' id='word_1_35' title='bbox 1629 565 1681 595; x_wconf 87' lang='lat' dir='ltr'>ea</span> <span class='ocrx_word' id='word_1_36' title='bbox 1711 552 1807 606; x_wconf 87' lang='lat' dir='ltr'>pari</span> <span class='ocrx_word' id='word_1_37' title='bbox 1837 552 1961 596; x_wconf 92' lang='lat' dir='ltr'>modo</span> <span class='ocrx_word' id='word_1_38' title='bbox 1992 565 2043 596; x_wconf 88' lang='lat' dir='ltr'>ac</span> <span class='ocrx_word' id='word_1_39' title='bbox 2074 553 2209 597; x_wconf 81' lang='lat' dir='ltr'>vitam</span> <span class='ocrx_word' id='word_1_40' title='bbox 2241 553 2379 607; x_wconf 88' lang='lat' dir='ltr'>ipsam</span> 
     </span>
     <span class='ocr_line' id='line_1_5' title="bbox 325 622 2379 676; baseline -0.001 -8"><span class='ocrx_word' id='word_1_41' title='bbox 325 638 379 669; x_wconf 82' lang='lat' dir='ltr'>ex</span> <span class='ocrx_word' id='word_1_42' title='bbox 401 622 580 667; x_wconf 88' lang='lat' dir='ltr'>Cornuti</span> <span class='ocrx_word' id='word_1_43' title='bbox 611 622 914 664; x_wconf 89' lang='lat' dir='ltr'>commentario</span> <span class='ocrx_word' id='word_1_44' title='bbox 937 635 987 664; x_wconf 90' lang='lat' dir='ltr'>eo</span> <span class='ocrx_word' id='word_1_45' title='bbox 1009 622 1239 676; x_wconf 82' lang='lat' dir='ltr'>irrepsisse</span> <span class='ocrx_word' id='word_1_46' title='bbox 1272 623 1480 675; x_wconf 89' lang='lat' dir='ltr'>suspicor.</span> <span class='ocrx_word' id='word_1_47' title='bbox 1534 623 1647 665; x_wconf 89' lang='lat' dir='ltr'>Sane</span> <span class='ocrx_word' id='word_1_48' title='bbox 1669 624 1879 676; x_wconf 83' lang='lat' dir='ltr'>quaedam</span> <span class='ocrx_word' id='word_1_49' title='bbox 1900 636 1928 666; x_wconf 91' lang='lat' dir='ltr'>a</span> <span class='ocrx_word' id='word_1_50' title='bbox 1948 624 2075 666; x_wconf 90' lang='lat' dir='ltr'>Valla</span> <span class='ocrx_word' id='word_1_51' title='bbox 2095 629 2144 666; x_wconf 92' lang='lat' dir='ltr'>ut</span> <span class='ocrx_word' id='word_1_52' title='bbox 2164 624 2379 667; x_wconf 81' lang='lat' dir='ltr'>Probiana</span> 
     </span>
     <span class='ocr_line' id='line_1_6' title="bbox 324 693 2376 748; baseline -0.001 -9"><span class='ocrx_word' id='word_1_53' title='bbox 324 695 502 739; x_wconf 88' lang='lat' dir='ltr'>laudata</span> <span class='ocrx_word' id='word_1_54' title='bbox 532 693 657 736; x_wconf 90' lang='lat' dir='ltr'>huius</span> <span class='ocrx_word' id='word_1_55' title='bbox 689 693 962 735; x_wconf 89' lang='lat' dir='ltr'>coniecturae</span> <span class='ocrx_word' id='word_1_56' title='bbox 994 693 1286 736; x_wconf 87' lang='lat' dir='ltr'>testimonium</span> <span class='ocrx_word' id='word_1_57' title='bbox 1318 694 1491 746; x_wconf 86' lang='lat' dir='ltr'>aliquod</span> <span class='ocrx_word' id='word_1_58' title='bbox 1527 695 1735 747; x_wconf 89' lang='lat' dir='ltr'>praebere</span> <span class='ocrx_word' id='word_1_59' title='bbox 1772 694 1989 736; x_wconf 85' lang='lat' dir='ltr'>videntur.</span> <span class='ocrx_word' id='word_1_60' title='bbox 1999 695 2039 747; x_wconf 84' lang='lat'><strong>¹⁸¹)</strong></span> <span class='ocrx_word' id='word_1_61' title='bbox 2100 694 2376 748; x_wconf 81' lang='lat' dir='ltr'>Quamquam,</span> 
     </span>
     <span class='ocr_line' id='line_1_7' title="bbox 326 763 2377 819; baseline -0.002 -8"><span class='ocrx_word' id='word_1_62' title='bbox 326 767 363 811; x_wconf 93' lang='lat' dir='ltr'>si</span> <span class='ocrx_word' id='word_1_63' title='bbox 394 765 600 808; x_wconf 81' lang='lat' dir='ltr'>universa</span> <span class='ocrx_word' id='word_1_64' title='bbox 632 768 901 818; x_wconf 81' lang='lat' dir='ltr'>spectamUS,</span> <span class='ocrx_word' id='word_1_65' title='bbox 948 766 1116 805; x_wconf 87' lang='lat' dir='ltr'>tantum</span> <span class='ocrx_word' id='word_1_66' title='bbox 1147 763 1406 805; x_wconf 78' lang='lat' dir='ltr'>discriminis</span> <span class='ocrx_word' id='word_1_67' title='bbox 1450 763 1566 805; x_wconf 90' lang='lat' dir='ltr'>inter</span> <span class='ocrx_word' id='word_1_68' title='bbox 1602 764 1806 807; x_wconf 90' lang='lat' dir='ltr'>Vallense</span> <span class='ocrx_word' id='word_1_69' title='bbox 1850 764 2108 807; x_wconf 83' lang='lat' dir='ltr'>scholiorum</span> <span class='ocrx_word' id='word_1_70' title='bbox 2147 776 2283 819; x_wconf 89' lang='lat' dir='ltr'>genus</span> <span class='ocrx_word' id='word_1_71' title='bbox 2333 769 2377 806; x_wconf 91' lang='lat' dir='ltr'>et</span> 
     </span>
     <span class='ocr_line' id='line_1_8' title="bbox 325 833 2378 889; baseline -0.001 -8"><span class='ocrx_word' id='word_1_72' title='bbox 325 835 631 882; x_wconf 88' lang='lat' dir='ltr'>Cornutianum</span> <span class='ocrx_word' id='word_1_73' title='bbox 662 847 760 878; x_wconf 89' lang='lat' dir='ltr'>esse</span> <span class='ocrx_word' id='word_1_74' title='bbox 791 834 1098 889; x_wconf 77' lang='lat' dir='ltr'>intellegimuS,</span> <span class='ocrx_word' id='word_1_75' title='bbox 1130 838 1178 876; x_wconf 91' lang='lat' dir='ltr'>ut</span> <span class='ocrx_word' id='word_1_76' title='bbox 1209 833 1293 877; x_wconf 90' lang='lat' dir='ltr'>nisi</span> <span class='ocrx_word' id='word_1_77' title='bbox 1324 834 1484 889; x_wconf 84' lang='lat' dir='ltr'>exigua</span> <span class='ocrx_word' id='word_1_78' title='bbox 1514 839 1559 877; x_wconf 91' lang='lat' dir='ltr'>et</span> <span class='ocrx_word' id='word_1_79' title='bbox 1579 834 1669 878; x_wconf 84' lang='lat' dir='ltr'>fere</span> <span class='ocrx_word' id='word_1_80' title='bbox 1701 835 1883 879; x_wconf 86' lang='lat' dir='ltr'>fortuita</span> <span class='ocrx_word' id='word_1_81' title='bbox 1913 836 2094 879; x_wconf 89' lang='lat' dir='ltr'>alterius</span> <span class='ocrx_word' id='word_1_82' title='bbox 2117 848 2211 878; x_wconf 91' lang='lat' dir='ltr'>cum</span> <span class='ocrx_word' id='word_1_83' title='bbox 2242 836 2378 878; x_wconf 86' lang='lat' dir='ltr'>altero</span> 
     </span>
     <span class='ocr_line' id='line_1_9' title="bbox 325 905 2380 963; baseline -0.001 -12"><span class='ocrx_word' id='word_1_84' title='bbox 325 907 527 963; x_wconf 85' lang='lat' dir='ltr'>cognatio</span> <span class='ocrx_word' id='word_1_85' title='bbox 549 907 649 961; x_wconf 93' lang='lat' dir='ltr'>poni</span> <span class='ocrx_word' id='word_1_86' title='bbox 681 919 765 949; x_wconf 91' lang='lat' dir='ltr'>non</span> <span class='ocrx_word' id='word_1_87' title='bbox 786 906 937 960; x_wconf 82' lang='lat' dir='ltr'>possit.</span> <span class='ocrx_word' id='word_1_88' title='bbox 995 906 1055 947; x_wconf 86' lang='lat' dir='ltr'>Ac</span> <span class='ocrx_word' id='word_1_89' title='bbox 1089 905 1395 958; x_wconf 86' lang='lat' dir='ltr'>quaerentibus</span> <span class='ocrx_word' id='word_1_90' title='bbox 1427 905 1566 961; x_wconf 79' lang='lat' dir='ltr'>nobiS,</span> <span class='ocrx_word' id='word_1_91' title='bbox 1599 919 1697 948; x_wconf 89' lang='lat' dir='ltr'>num</span> <span class='ocrx_word' id='word_1_92' title='bbox 1720 907 1826 961; x_wconf 86' lang='lat' dir='ltr'>vita,</span> <span class='ocrx_word' id='word_1_93' title='bbox 1860 919 1968 962; x_wconf 90' lang='lat' dir='ltr'>cum,</span> <span class='ocrx_word' id='word_1_94' title='bbox 2003 907 2040 950; x_wconf 93' lang='lat' dir='ltr'>si</span> <span class='ocrx_word' id='word_1_95' title='bbox 2061 919 2190 949; x_wconf 90' lang='lat' dir='ltr'>unum</span> <span class='ocrx_word' id='word_1_96' title='bbox 2212 906 2380 949; x_wconf 86' lang='lat' dir='ltr'>Vallam</span> 
     </span>
     <span class='ocr_line' id='line_1_10' title="bbox 324 978 2380 1033; baseline -0.001 -10"><span class='ocrx_word' id='word_1_97' title='bbox 324 980 502 1024; x_wconf 90' lang='lat' dir='ltr'>missum</span> <span class='ocrx_word' id='word_1_98' title='bbox 545 978 746 1033; x_wconf 85' lang='lat' dir='ltr'>facimus,</span> <span class='ocrx_word' id='word_1_99' title='bbox 794 990 888 1019; x_wconf 94' lang='lat' dir='ltr'>cum</span> <span class='ocrx_word' id='word_1_100' title='bbox 933 980 1135 1030; x_wconf 83' lang='lat' dir='ltr'>corrupta</span> <span class='ocrx_word' id='word_1_101' title='bbox 1178 981 1325 1020; x_wconf 85' lang='lat' dir='ltr'>textus</span> <span class='ocrx_word' id='word_1_102' title='bbox 1370 978 1515 1031; x_wconf 87' lang='lat' dir='ltr'>specie</span> <span class='ocrx_word' id='word_1_103' title='bbox 1557 982 1602 1020; x_wconf 91' lang='lat' dir='ltr'>et</span> <span class='ocrx_word' id='word_1_104' title='bbox 1640 979 1759 1020; x_wconf 89' lang='lat' dir='ltr'>tenui</span> <span class='ocrx_word' id='word_1_105' title='bbox 1797 978 2054 1021; x_wconf 79' lang='lat' dir='ltr'>scholiorum</span> <span class='ocrx_word' id='word_1_106' title='bbox 2098 990 2258 1032; x_wconf 77' lang='lat' dir='ltr'>genere</span> <span class='ocrx_word' id='word_1_107' title='bbox 2295 990 2380 1020; x_wconf 89' lang='lat' dir='ltr'>una</span> 
     </span>
     <span class='ocr_line' id='line_1_11' title="bbox 326 1048 2380 1105; baseline -0.002 -10"><span class='ocrx_word' id='word_1_108' title='bbox 326 1062 496 1105; x_wconf 82' lang='lat' dir='ltr'>semper</span> <span class='ocrx_word' id='word_1_109' title='bbox 526 1050 713 1105; x_wconf 87' lang='lat' dir='ltr'>legatur,</span> <span class='ocrx_word' id='word_1_110' title='bbox 745 1049 808 1091; x_wconf 89' lang='lat' dir='ltr'>ita</span> <span class='ocrx_word' id='word_1_111' title='bbox 839 1049 895 1092; x_wconf 87' lang='lat' dir='ltr'>ad</span> <span class='ocrx_word' id='word_1_112' title='bbox 926 1049 1032 1092; x_wconf 88' lang='lat' dir='ltr'>haec</span> <span class='ocrx_word' id='word_1_113' title='bbox 1063 1048 1294 1104; x_wconf 83' lang='lat' dir='ltr'>pertineat,</span> <span class='ocrx_word' id='word_1_114' title='bbox 1326 1053 1375 1091; x_wconf 92' lang='lat' dir='ltr'>ut</span> <span class='ocrx_word' id='word_1_115' title='bbox 1405 1049 1598 1092; x_wconf 89' lang='lat' dir='ltr'>eiusdem</span> <span class='ocrx_word' id='word_1_116' title='bbox 1630 1049 1809 1104; x_wconf 81' lang='lat' dir='ltr'>originis</span> <span class='ocrx_word' id='word_1_117' title='bbox 1844 1049 1901 1092; x_wconf 91' lang='lat' dir='ltr'>sit</span> <span class='ocrx_word' id='word_1_118' title='bbox 1932 1055 1978 1093; x_wconf 91' lang='lat' dir='ltr'>et</span> <span class='ocrx_word' id='word_1_119' title='bbox 2007 1050 2104 1103; x_wconf 88' lang='lat' dir='ltr'>ipsa</span> <span class='ocrx_word' id='word_1_120' title='bbox 2135 1062 2161 1092; x_wconf 90' lang='lat' dir='ltr'>a</span> <span class='ocrx_word' id='word_1_121' title='bbox 2192 1050 2380 1092; x_wconf 89' lang='lat' dir='ltr'>Cornuto</span> 
     </span>
     <span class='ocr_line' id='line_1_12' title="bbox 326 1120 2380 1176; baseline -0.001 -11"><span class='ocrx_word' id='word_1_122' title='bbox 326 1122 575 1176; x_wconf 86' lang='lat' dir='ltr'>composita,</span> <span class='ocrx_word' id='word_1_123' title='bbox 608 1120 652 1163; x_wconf 91' lang='lat' dir='ltr'>id</span> <span class='ocrx_word' id='word_1_124' title='bbox 674 1121 800 1174; x_wconf 88' lang='lat' dir='ltr'>plane</span> <span class='ocrx_word' id='word_1_125' title='bbox 832 1120 1076 1174; x_wconf 86' lang='lat' dir='ltr'>negandum</span> <span class='ocrx_word' id='word_1_126' title='bbox 1108 1124 1154 1162; x_wconf 92' lang='lat' dir='ltr'>et</span> <span class='ocrx_word' id='word_1_127' title='bbox 1175 1120 1280 1162; x_wconf 90' lang='lat' dir='ltr'>illud</span> <span class='ocrx_word' id='word_1_128' title='bbox 1311 1120 1554 1163; x_wconf 90' lang='lat' dir='ltr'>faciendum</span> <span class='ocrx_word' id='word_1_129' title='bbox 1585 1124 1655 1163; x_wconf 91' lang='lat' dir='ltr'>est</span> <span class='ocrx_word' id='word_1_130' title='bbox 1677 1121 1891 1176; x_wconf 89' lang='lat' dir='ltr'>iudicium,</span> <span class='ocrx_word' id='word_1_131' title='bbox 1925 1126 1972 1163; x_wconf 91' lang='lat' dir='ltr'>ut</span> <span class='ocrx_word' id='word_1_132' title='bbox 1993 1121 2128 1164; x_wconf 83' lang='lat' dir='ltr'>vitam</span> <span class='ocrx_word' id='word_1_133' title='bbox 2160 1120 2215 1163; x_wconf 89' lang='lat' dir='ltr'>iis</span> <span class='ocrx_word' id='word_1_134' title='bbox 2247 1120 2380 1163; x_wconf 89' lang='lat' dir='ltr'>multo</span> 
     </span>
     <span class='ocr_line' id='line_1_13' title="bbox 328 1191 2381 1246; baseline -0 -12"><span class='ocrx_word' id='word_1_135' title='bbox 328 1192 614 1236; x_wconf 84' lang='lat' dir='ltr'>vetustiorem</span> <span class='ocrx_word' id='word_1_136' title='bbox 655 1203 753 1233; x_wconf 87' lang='lat' dir='ltr'>esse</span> <span class='ocrx_word' id='word_1_137' title='bbox 791 1191 1002 1246; x_wconf 81' lang='lat' dir='ltr'>dicamuS,</span> <span class='ocrx_word' id='word_1_138' title='bbox 1045 1191 1165 1232; x_wconf 92' lang='lat' dir='ltr'>cuius</span> <span class='ocrx_word' id='word_1_139' title='bbox 1192 1191 1345 1245; x_wconf 89' lang='lat' dir='ltr'>judicii</span> <span class='ocrx_word' id='word_1_140' title='bbox 1376 1195 1421 1233; x_wconf 92' lang='lat' dir='ltr'>et</span> <span class='ocrx_word' id='word_1_141' title='bbox 1452 1195 1570 1234; x_wconf 90' lang='lat' dir='ltr'>totus</span> <span class='ocrx_word' id='word_1_142' title='bbox 1603 1192 1722 1234; x_wconf 86' lang='lat' dir='ltr'>vitae</span> <span class='ocrx_word' id='word_1_143' title='bbox 1755 1192 1870 1234; x_wconf 86' lang='lat' dir='ltr'>color</span> <span class='ocrx_word' id='word_1_144' title='bbox 1902 1195 1947 1234; x_wconf 91' lang='lat' dir='ltr'>et</span> <span class='ocrx_word' id='word_1_145' title='bbox 1977 1192 2056 1234; x_wconf 91' lang='lat' dir='ltr'>hoc</span> <span class='ocrx_word' id='word_1_146' title='bbox 2087 1191 2381 1234; x_wconf 86' lang='lat' dir='ltr'>testimonium</span> 
     </span>
     <span class='ocr_line' id='line_1_14' title="bbox 325 1261 2380 1318; baseline -0.001 -12"><span class='ocrx_word' id='word_1_147' title='bbox 325 1267 412 1318; x_wconf 88' lang='lat' dir='ltr'>est,</span> <span class='ocrx_word' id='word_1_148' title='bbox 453 1262 569 1316; x_wconf 90' lang='lat' dir='ltr'>quod</span> <span class='ocrx_word' id='word_1_149' title='bbox 599 1274 653 1305; x_wconf 84' lang='lat' dir='ltr'>ex</span> <span class='ocrx_word' id='word_1_150' title='bbox 684 1262 781 1315; x_wconf 91' lang='lat' dir='ltr'>ipsa</span> <span class='ocrx_word' id='word_1_151' title='bbox 812 1262 906 1303; x_wconf 88' lang='lat' dir='ltr'>vita</span> <span class='ocrx_word' id='word_1_152' title='bbox 937 1261 1146 1314; x_wconf 90' lang='lat' dir='ltr'>quaedam</span> <span class='ocrx_word' id='word_1_153' title='bbox 1178 1261 1230 1303; x_wconf 92' lang='lat' dir='ltr'>de</span> <span class='ocrx_word' id='word_1_154' title='bbox 1261 1261 1475 1304; x_wconf 82' lang='lat' dir='ltr'>Juvenale</span> <span class='ocrx_word' id='word_1_155' title='bbox 1507 1262 1637 1304; x_wconf 90' lang='lat' dir='ltr'>etiam</span> <span class='ocrx_word' id='word_1_156' title='bbox 1669 1262 1713 1304; x_wconf 90' lang='lat' dir='ltr'>in</span> <span class='ocrx_word' id='word_1_157' title='bbox 1746 1262 1905 1305; x_wconf 88' lang='lat' dir='ltr'>codicis</span> <span class='ocrx_word' id='word_1_158' title='bbox 1937 1262 2166 1305; x_wconf 89' lang='lat' dir='ltr'>Pithoeani</span> <span class='ocrx_word' id='word_1_159' title='bbox 2197 1265 2244 1304; x_wconf 88' lang='lat' dir='ltr'>et</span> <span class='ocrx_word' id='word_1_160' title='bbox 2275 1261 2380 1304; x_wconf 88' lang='lat' dir='ltr'>San·</span> 
     </span>
     <span class='ocr_line' id='line_1_15' title="bbox 325 1332 2382 1388; baseline -0.002 -12"><span class='ocrx_word' id='word_1_161' title='bbox 325 1334 536 1388; x_wconf 88' lang='lat' dir='ltr'>gallensis</span> <span class='ocrx_word' id='word_1_162' title='bbox 561 1333 725 1374; x_wconf 89' lang='lat' dir='ltr'>scholia</span> <span class='ocrx_word' id='word_1_163' title='bbox 746 1333 904 1374; x_wconf 88' lang='lat' dir='ltr'>innexa</span> <span class='ocrx_word' id='word_1_164' title='bbox 927 1337 1029 1373; x_wconf 89' lang='lat' dir='ltr'>sunt</span> <span class='ocrx_word' id='word_1_165' title='bbox 1050 1332 1113 1385; x_wconf 77' lang='lat' dir='ltr'>(V.</span> <span class='ocrx_word' id='word_1_166' title='bbox 1131 1332 1247 1373; x_wconf 86' lang='lat' dir='ltr'>infra</span> <span class='ocrx_word' id='word_1_167' title='bbox 1266 1345 1366 1385; x_wconf 88' lang='lat' dir='ltr'>pag.</span> <span class='ocrx_word' id='word_1_168' title='bbox 1385 1335 1411 1373; x_wconf 89' lang='grc'>8</span> <span class='ocrx_word' id='word_1_169' title='bbox 1434 1336 1480 1374; x_wconf 92' lang='lat' dir='ltr'>et</span> <span class='ocrx_word' id='word_1_170' title='bbox 1500 1335 1551 1373; x_wconf 87' lang='lat'>16</span> <span class='ocrx_word' id='word_1_171' title='bbox 1570 1334 1698 1385; x_wconf 91' lang='lat' dir='ltr'>sqq.).</span> <span class='ocrx_word' id='word_1_172' title='bbox 1732 1332 1792 1374; x_wconf 89' lang='lat' dir='ltr'>Et</span> <span class='ocrx_word' id='word_1_173' title='bbox 1814 1333 2010 1384; x_wconf 87' lang='lat' dir='ltr'>quoniam</span> <span class='ocrx_word' id='word_1_174' title='bbox 2030 1344 2169 1384; x_wconf 89' lang='lat' dir='ltr'>neque</span> <span class='ocrx_word' id='word_1_175' title='bbox 2190 1332 2286 1374; x_wconf 74' lang='lat' dir='ltr'>vita</span> <span class='ocrx_word' id='word_1_176' title='bbox 2305 1336 2382 1373; x_wconf 88' lang='lat' dir='ltr'>aut</span> 
     </span>
     <span class='ocr_line' id='line_1_16' title="bbox 326 1402 2382 1455; baseline -0.001 -9"><span class='ocrx_word' id='word_1_177' title='bbox 326 1405 382 1446; x_wconf 90' lang='lat' dir='ltr'>ad</span> <span class='ocrx_word' id='word_1_178' title='bbox 411 1407 589 1445; x_wconf 86' lang='lat' dir='ltr'>vetusta</span> <span class='ocrx_word' id='word_1_179' title='bbox 633 1403 796 1444; x_wconf 89' lang='lat' dir='ltr'>scholia</span> <span class='ocrx_word' id='word_1_180' title='bbox 828 1407 903 1444; x_wconf 90' lang='lat' dir='ltr'>aut</span> <span class='ocrx_word' id='word_1_181' title='bbox 947 1403 1001 1443; x_wconf 87' lang='lat' dir='ltr'>ad</span> <span class='ocrx_word' id='word_1_182' title='bbox 1038 1403 1282 1444; x_wconf 81' lang='lat' dir='ltr'>recentiora</span> <span class='ocrx_word' id='word_1_183' title='bbox 1313 1403 1491 1444; x_wconf 88' lang='lat' dir='ltr'>Cornuti</span> <span class='ocrx_word' id='word_1_184' title='bbox 1535 1402 1752 1455; x_wconf 87' lang='lat' dir='ltr'>pertineat</span> <span class='ocrx_word' id='word_1_185' title='bbox 1789 1408 1834 1444; x_wconf 90' lang='lat' dir='ltr'>et</span> <span class='ocrx_word' id='word_1_186' title='bbox 1871 1404 1953 1445; x_wconf 94' lang='lat' dir='ltr'>duo</span> <span class='ocrx_word' id='word_1_187' title='bbox 1984 1404 2091 1444; x_wconf 85' lang='lat' dir='ltr'>haec</span> <span class='ocrx_word' id='word_1_188' title='bbox 2123 1403 2382 1445; x_wconf 86' lang='lat' dir='ltr'>scholiorum</span> 
     </span>
     <span class='ocr_line' id='line_1_17' title="bbox 326 1472 2383 1527; baseline 0 -12"><span class='ocrx_word' id='word_1_189' title='bbox 326 1485 490 1527; x_wconf 85' lang='lat' dir='ltr'>genera</span> <span class='ocrx_word' id='word_1_190' title='bbox 520 1472 714 1514; x_wconf 90' lang='lat' dir='ltr'>omnibus</span> <span class='ocrx_word' id='word_1_191' title='bbox 746 1473 876 1514; x_wconf 91' lang='lat' dir='ltr'>rebus</span> <span class='ocrx_word' id='word_1_192' title='bbox 909 1472 972 1513; x_wconf 87' lang='lat' dir='ltr'>ita</span> <span class='ocrx_word' id='word_1_193' title='bbox 1003 1472 1118 1514; x_wconf 91' lang='lat' dir='ltr'>inter</span> <span class='ocrx_word' id='word_1_194' title='bbox 1149 1485 1196 1514; x_wconf 90' lang='lat' dir='ltr'>se</span> <span class='ocrx_word' id='word_1_195' title='bbox 1229 1472 1475 1526; x_wconf 87' lang='lat' dir='ltr'>divergant,</span> <span class='ocrx_word' id='word_1_196' title='bbox 1508 1477 1556 1514; x_wconf 94' lang='lat' dir='ltr'>ut</span> <span class='ocrx_word' id='word_1_197' title='bbox 1587 1472 1679 1514; x_wconf 90' lang='lat' dir='ltr'>sola</span> <span class='ocrx_word' id='word_1_198' title='bbox 1711 1472 1805 1513; x_wconf 83' lang='lat' dir='ltr'>vita</span> <span class='ocrx_word' id='word_1_199' title='bbox 1837 1473 1961 1523; x_wconf 90' lang='lat' dir='ltr'>quasi</span> <span class='ocrx_word' id='word_1_200' title='bbox 1992 1473 2036 1515; x_wconf 90' lang='lat' dir='ltr'>in</span> <span class='ocrx_word' id='word_1_201' title='bbox 2067 1473 2206 1515; x_wconf 91' lang='lat' dir='ltr'>medio</span> <span class='ocrx_word' id='word_1_202' title='bbox 2238 1473 2383 1525; x_wconf 87' lang='lat' dir='ltr'>posita</span> 
     </span>
     <span class='ocr_line' id='line_1_18' title="bbox 325 1541 2381 1596; baseline -0 -10"><span class='ocrx_word' id='word_1_203' title='bbox 325 1543 551 1595; x_wconf 88' lang='lat' dir='ltr'>utriusque</span> <span class='ocrx_word' id='word_1_204' title='bbox 583 1542 816 1585; x_wconf 89' lang='lat' dir='ltr'>communis</span> <span class='ocrx_word' id='word_1_205' title='bbox 850 1555 947 1585; x_wconf 87' lang='lat' dir='ltr'>esse</span> <span class='ocrx_word' id='word_1_206' title='bbox 979 1541 1200 1596; x_wconf 88' lang='lat' dir='ltr'>videatur,</span> <span class='ocrx_word' id='word_1_207' title='bbox 1244 1554 1374 1584; x_wconf 90' lang='lat' dir='ltr'>unum</span> <span class='ocrx_word' id='word_1_208' title='bbox 1405 1542 1511 1584; x_wconf 91' lang='lat' dir='ltr'>illud</span> <span class='ocrx_word' id='word_1_209' title='bbox 1543 1554 1692 1585; x_wconf 88' lang='lat' dir='ltr'>sanum</span> <span class='ocrx_word' id='word_1_210' title='bbox 1731 1554 1782 1584; x_wconf 88' lang='lat' dir='ltr'>ac</span> <span class='ocrx_word' id='word_1_211' title='bbox 1815 1547 2149 1585; x_wconf 88' lang='lat' dir='ltr'>consentaneum</span> <span class='ocrx_word' id='word_1_212' title='bbox 2179 1543 2381 1586; x_wconf 90' lang='lat' dir='ltr'>iudicium</span> 
     </span>
     <span class='ocr_line' id='line_1_19' title="bbox 325 1612 2314 1668; baseline 0 -12"><span class='ocrx_word' id='word_1_213' title='bbox 325 1613 594 1666; x_wconf 86' lang='lat' dir='ltr'>relinquitur.</span> <span class='ocrx_word' id='word_1_214' title='bbox 658 1612 766 1655; x_wconf 84' lang='lat' dir='ltr'>Nam</span> <span class='ocrx_word' id='word_1_215' title='bbox 797 1612 1042 1666; x_wconf 83' lang='lat' dir='ltr'>peculiariS,</span> <span class='ocrx_word' id='word_1_216' title='bbox 1075 1612 1187 1655; x_wconf 90' lang='lat' dir='ltr'>unde</span> <span class='ocrx_word' id='word_1_217' title='bbox 1219 1612 1314 1655; x_wconf 87' lang='lat' dir='ltr'>vita</span> <span class='ocrx_word' id='word_1_218' title='bbox 1344 1612 1502 1656; x_wconf 90' lang='lat' dir='ltr'>hausta</span> <span class='ocrx_word' id='word_1_219' title='bbox 1534 1612 1605 1668; x_wconf 91' lang='lat' dir='ltr'>sit,</span> <span class='ocrx_word' id='word_1_220' title='bbox 1639 1612 1734 1655; x_wconf 88' lang='lat' dir='ltr'>fons</span> <span class='ocrx_word' id='word_1_221' title='bbox 1768 1616 1989 1655; x_wconf 88' lang='lat' dir='ltr'>statuatur</span> <span class='ocrx_word' id='word_1_222' title='bbox 2019 1624 2200 1656; x_wconf 90' lang='lat' dir='ltr'>necesse</span> <span class='ocrx_word' id='word_1_223' title='bbox 2232 1616 2314 1656; x_wconf 89' lang='lat' dir='ltr'>est.</span> 
     </span>
    </p>

    <p class='ocr_par' dir='ltr' id='par_1_3' title="bbox 325 1682 2385 2019">
     <span class='ocr_line' id='line_1_20' title="bbox 467 1682 2382 1738; baseline 0 -12"><span class='ocrx_word' id='word_1_224' title='bbox 467 1684 553 1727; x_wconf 86' lang='lat' dir='ltr'>Sed</span> <span class='ocrx_word' id='word_1_225' title='bbox 584 1683 657 1726; x_wconf 90' lang='lat' dir='ltr'>ubi</span> <span class='ocrx_word' id='word_1_226' title='bbox 688 1682 784 1726; x_wconf 88' lang='lat' dir='ltr'>fons</span> <span class='ocrx_word' id='word_1_227' title='bbox 816 1683 887 1726; x_wconf 91' lang='lat' dir='ltr'>ille</span> <span class='ocrx_word' id='word_1_228' title='bbox 920 1684 1223 1736; x_wconf 83' lang='lat' dir='ltr'>quaerendus?</span> <span class='ocrx_word' id='word_1_229' title='bbox 1269 1684 1441 1727; x_wconf 91' lang='lat' dir='ltr'>Nullum</span> <span class='ocrx_word' id='word_1_230' title='bbox 1473 1683 1667 1738; x_wconf 86' lang='lat' dir='ltr'>cogitare</span> <span class='ocrx_word' id='word_1_231' title='bbox 1699 1683 1862 1737; x_wconf 88' lang='lat' dir='ltr'>poteris</span> <span class='ocrx_word' id='word_1_232' title='bbox 1885 1683 1970 1726; x_wconf 89' lang='lat' dir='ltr'>nisi</span> <span class='ocrx_word' id='word_1_233' title='bbox 2002 1684 2196 1727; x_wconf 90' lang='lat' dir='ltr'>Suetonii</span> <span class='ocrx_word' id='word_1_234' title='bbox 2228 1683 2382 1727; x_wconf 88' lang='lat' dir='ltr'>librum</span> 
     </span>
     <span class='ocr_line' id='line_1_21' title="bbox 325 1755 2382 1810; baseline 0 -13"><span class='ocrx_word' id='word_1_235' title='bbox 325 1756 492 1800; x_wconf 88' lang='lat' dir='ltr'>varium</span> <span class='ocrx_word' id='word_1_236' title='bbox 536 1759 582 1798; x_wconf 86' lang='lat' dir='ltr'>et</span> <span class='ocrx_word' id='word_1_237' title='bbox 624 1755 859 1808; x_wconf 90' lang='lat' dir='ltr'>copiosum:</span> <span class='ocrx_word' id='word_1_238' title='bbox 908 1767 961 1798; x_wconf 85' lang='lat' dir='ltr'>ex</span> <span class='ocrx_word' id='word_1_239' title='bbox 1003 1768 1085 1808; x_wconf 92' lang='lat' dir='ltr'>quo</span> <span class='ocrx_word' id='word_1_240' title='bbox 1127 1755 1264 1798; x_wconf 84' lang='lat' dir='ltr'>vitam</span> <span class='ocrx_word' id='word_1_241' title='bbox 1301 1759 1446 1799; x_wconf 86' lang='lat' dir='ltr'>natam</span> <span class='ocrx_word' id='word_1_242' title='bbox 1484 1768 1582 1799; x_wconf 89' lang='lat' dir='ltr'>esse</span> <span class='ocrx_word' id='word_1_243' title='bbox 1613 1755 1704 1810; x_wconf 87' lang='lat' dir='ltr'>aio,</span> <span class='ocrx_word' id='word_1_244' title='bbox 1752 1767 1836 1797; x_wconf 90' lang='lat' dir='ltr'>non</span> <span class='ocrx_word' id='word_1_245' title='bbox 1869 1767 1950 1808; x_wconf 89' lang='lat' dir='ltr'>quo</span> <span class='ocrx_word' id='word_1_246' title='bbox 1988 1767 2015 1798; x_wconf 88' lang='lat' dir='ltr'>a</span> <span class='ocrx_word' id='word_1_247' title='bbox 2046 1755 2250 1798; x_wconf 87' lang='lat' dir='ltr'>Suetonio</span> <span class='ocrx_word' id='word_1_248' title='bbox 2287 1755 2382 1809; x_wconf 91' lang='lat' dir='ltr'>ipso</span> 
     </span>
     <span class='ocr_line' id='line_1_22' title="bbox 326 1826 2383 1881; baseline -0 -12"><span class='ocrx_word' id='word_1_249' title='bbox 326 1827 444 1870; x_wconf 85' lang='lat' dir='ltr'>facta</span> <span class='ocrx_word' id='word_1_250' title='bbox 476 1828 553 1881; x_wconf 89' lang='lat' dir='ltr'>sit,</span> <span class='ocrx_word' id='word_1_251' title='bbox 593 1826 670 1869; x_wconf 88' lang='lat' dir='ltr'>sed</span> <span class='ocrx_word' id='word_1_252' title='bbox 700 1830 845 1868; x_wconf 87' lang='lat' dir='ltr'>tamen</span> <span class='ocrx_word' id='word_1_253' title='bbox 877 1827 919 1868; x_wconf 92' lang='lat' dir='ltr'>in</span> <span class='ocrx_word' id='word_1_254' title='bbox 952 1838 1080 1878; x_wconf 91' lang='lat' dir='ltr'>opere</span> <span class='ocrx_word' id='word_1_255' title='bbox 1111 1827 1165 1868; x_wconf 91' lang='lat' dir='ltr'>ab</span> <span class='ocrx_word' id='word_1_256' title='bbox 1197 1827 1270 1868; x_wconf 90' lang='lat' dir='ltr'>illo</span> <span class='ocrx_word' id='word_1_257' title='bbox 1301 1826 1452 1869; x_wconf 90' lang='lat' dir='ltr'>relicto</span> <span class='ocrx_word' id='word_1_258' title='bbox 1484 1827 1700 1869; x_wconf 86' lang='lat' dir='ltr'>exstabat.</span> <span class='ocrx_word' id='word_1_259' title='bbox 1764 1826 1908 1877; x_wconf 91' lang='lat' dir='ltr'>Atque</span> <span class='ocrx_word' id='word_1_260' title='bbox 1940 1826 1996 1868; x_wconf 90' lang='lat' dir='ltr'>ad</span> <span class='ocrx_word' id='word_1_261' title='bbox 2027 1826 2383 1879; x_wconf 89' lang='lat' dir='ltr'>comprobandam</span> 
     </span>
     <span class='ocr_line' id='line_1_23' title="bbox 327 1896 2385 1950; baseline -0.001 -10"><span class='ocrx_word' id='word_1_262' title='bbox 327 1910 421 1940; x_wconf 91' lang='lat' dir='ltr'>eam</span> <span class='ocrx_word' id='word_1_263' title='bbox 468 1897 728 1940; x_wconf 87' lang='lat' dir='ltr'>sententiam</span> <span class='ocrx_word' id='word_1_264' title='bbox 766 1897 892 1939; x_wconf 83' lang='lat' dir='ltr'>video</span> <span class='ocrx_word' id='word_1_265' title='bbox 936 1896 1108 1949; x_wconf 85' lang='lat' dir='ltr'>longius</span> <span class='ocrx_word' id='word_1_266' title='bbox 1151 1897 1254 1939; x_wconf 91' lang='lat' dir='ltr'>mihi</span> <span class='ocrx_word' id='word_1_267' title='bbox 1300 1910 1397 1939; x_wconf 88' lang='lat' dir='ltr'>esse</span> <span class='ocrx_word' id='word_1_268' title='bbox 1440 1897 1740 1950; x_wconf 87' lang='lat' dir='ltr'>repetendum,</span> <span class='ocrx_word' id='word_1_269' title='bbox 1789 1900 1838 1938; x_wconf 93' lang='lat' dir='ltr'>ut</span> <span class='ocrx_word' id='word_1_270' title='bbox 1876 1896 2082 1948; x_wconf 88' lang='lat' dir='ltr'>quomodo</span> <span class='ocrx_word' id='word_1_271' title='bbox 2120 1901 2165 1939; x_wconf 90' lang='lat' dir='ltr'>et</span> <span class='ocrx_word' id='word_1_272' title='bbox 2210 1897 2302 1939; x_wconf 87' lang='lat' dir='ltr'>vita</span> <span class='ocrx_word' id='word_1_273' title='bbox 2339 1902 2385 1938; x_wconf 88' lang='lat' dir='ltr'>et</span> 
     </span>
     <span class='ocr_line' id='line_1_24' title="bbox 329 1966 1845 2019; baseline -0.001 -10"><span class='ocrx_word' id='word_1_274' title='bbox 329 1967 493 2009; x_wconf 90' lang='lat' dir='ltr'>scholia</span> <span class='ocrx_word' id='word_1_275' title='bbox 525 1969 621 2009; x_wconf 89' lang='lat' dir='ltr'>orta</span> <span class='ocrx_word' id='word_1_276' title='bbox 654 1966 755 2019; x_wconf 91' lang='lat' dir='ltr'>sint,</span> <span class='ocrx_word' id='word_1_277' title='bbox 788 1966 1060 2018; x_wconf 87' lang='lat' dir='ltr'>paucissimis</span> <span class='ocrx_word' id='word_1_278' title='bbox 1093 1979 1220 2018; x_wconf 92' lang='lat' dir='ltr'>quam</span> <span class='ocrx_word' id='word_1_279' title='bbox 1251 1966 1413 2018; x_wconf 91' lang='lat' dir='ltr'>possim</span> <span class='ocrx_word' id='word_1_280' title='bbox 1443 1966 1590 2009; x_wconf 86' lang='lat' dir='ltr'>verbis</span> <span class='ocrx_word' id='word_1_281' title='bbox 1622 1979 1845 2018; x_wconf 86' lang='lat' dir='ltr'>exponam.</span> 
     </span>
    </p>

    <p class='ocr_par' dir='ltr' id='par_1_4' title="bbox 327 2035 2389 2727">
     <span class='ocr_line' id='line_1_25' title="bbox 469 2035 2384 2089; baseline -0.001 -10"><span class='ocrx_word' id='word_1_282' title='bbox 469 2036 554 2079; x_wconf 88' lang='lat' dir='ltr'>Est</span> <span class='ocrx_word' id='word_1_283' title='bbox 597 2036 737 2089; x_wconf 90' lang='lat' dir='ltr'>opinio</span> <span class='ocrx_word' id='word_1_284' title='bbox 769 2036 901 2089; x_wconf 84' lang='lat' dir='ltr'>vulgo</span> <span class='ocrx_word' id='word_1_285' title='bbox 944 2040 1121 2089; x_wconf 89' lang='lat' dir='ltr'>recepta</span> <span class='ocrx_word' id='word_1_286' title='bbox 1165 2036 1483 2079; x_wconf 89' lang='lat' dir='ltr'>inconsiderate</span> <span class='ocrx_word' id='word_1_287' title='bbox 1516 2048 1685 2089; x_wconf 87' lang='lat' dir='ltr'>semper</span> <span class='ocrx_word' id='word_1_288' title='bbox 1728 2048 1781 2077; x_wconf 86' lang='lat' dir='ltr'>ex</span> <span class='ocrx_word' id='word_1_289' title='bbox 1812 2035 1995 2078; x_wconf 90' lang='lat' dir='ltr'>alterius</span> <span class='ocrx_word' id='word_1_290' title='bbox 2035 2036 2297 2079; x_wconf 88' lang='lat' dir='ltr'>auctoritate</span> <span class='ocrx_word' id='word_1_291' title='bbox 2329 2037 2384 2078; x_wconf 88' lang='lat' dir='ltr'>ab</span> 
     </span>
     <span class='ocr_line' id='line_1_26' title="bbox 327 2106 2385 2160; baseline -0.001 -9"><span class='ocrx_word' id='word_1_292' title='bbox 327 2107 467 2151; x_wconf 87' lang='lat' dir='ltr'>altero</span> <span class='ocrx_word' id='word_1_293' title='bbox 513 2106 708 2160; x_wconf 87' lang='lat' dir='ltr'>laudata,</span> <span class='ocrx_word' id='word_1_294' title='bbox 762 2106 792 2149; x_wconf 87' lang='lat' dir='ltr'>J</span> <span class='ocrx_word' id='word_1_295' title='bbox 794 2106 1021 2149; x_wconf 85' lang='lat' dir='ltr'>uvenalem</span> <span class='ocrx_word' id='word_1_296' title='bbox 1066 2110 1111 2150; x_wconf 91' lang='lat' dir='ltr'>et</span> <span class='ocrx_word' id='word_1_297' title='bbox 1157 2106 1409 2159; x_wconf 86' lang='lat' dir='ltr'>aequalibus</span> <span class='ocrx_word' id='word_1_298' title='bbox 1457 2106 1546 2150; x_wconf 90' lang='lat' dir='ltr'>suis</span> <span class='ocrx_word' id='word_1_299' title='bbox 1591 2110 1636 2150; x_wconf 92' lang='lat' dir='ltr'>et</span> <span class='ocrx_word' id='word_1_300' title='bbox 1681 2106 1875 2150; x_wconf 91' lang='lat' dir='ltr'>omnibus</span> <span class='ocrx_word' id='word_1_301' title='bbox 1923 2106 2128 2159; x_wconf 86' lang='lat' dir='ltr'>deinceps</span> <span class='ocrx_word' id='word_1_302' title='bbox 2179 2106 2385 2150; x_wconf 88' lang='lat' dir='ltr'>Romanis</span> 
     </span>
     <span class='ocr_line' id='line_1_27' title="bbox 327 2175 2385 2232; baseline 0 -12"><span class='ocrx_word' id='word_1_303' title='bbox 327 2176 433 2221; x_wconf 90' lang='lat' dir='ltr'>mire</span> <span class='ocrx_word' id='word_1_304' title='bbox 455 2179 630 2232; x_wconf 87' lang='lat' dir='ltr'>gratum</span> <span class='ocrx_word' id='word_1_305' title='bbox 652 2180 698 2220; x_wconf 90' lang='lat' dir='ltr'>et</span> <span class='ocrx_word' id='word_1_306' title='bbox 728 2188 857 2220; x_wconf 92' lang='lat' dir='ltr'>unum</span> <span class='ocrx_word' id='word_1_307' title='bbox 879 2176 1063 2220; x_wconf 87' lang='lat' dir='ltr'>maxime</span> <span class='ocrx_word' id='word_1_308' title='bbox 1094 2176 1252 2220; x_wconf 88' lang='lat' dir='ltr'>lectum</span> <span class='ocrx_word' id='word_1_309' title='bbox 1273 2175 1422 2220; x_wconf 87' lang='lat' dir='ltr'>fuisse.</span> <span class='ocrx_word' id='word_1_310' title='bbox 1476 2176 1624 2230; x_wconf 90' lang='lat' dir='ltr'>Neque</span> <span class='ocrx_word' id='word_1_311' title='bbox 1656 2179 1801 2220; x_wconf 87' lang='lat' dir='ltr'>tamen</span> <span class='ocrx_word' id='word_1_312' title='bbox 1823 2175 2061 2232; x_wconf 88' lang='lat' dir='ltr'>quisquam,</span> <span class='ocrx_word' id='word_1_313' title='bbox 2094 2175 2206 2230; x_wconf 90' lang='lat' dir='ltr'>quod</span> <span class='ocrx_word' id='word_1_314' title='bbox 2238 2175 2385 2231; x_wconf 90' lang='lat' dir='ltr'>sciam,</span> 
     </span>
     <span class='ocr_line' id='line_1_28' title="bbox 327 2247 2387 2302; baseline 0 -12"><span class='ocrx_word' id='word_1_315' title='bbox 327 2248 584 2291; x_wconf 88' lang='lat' dir='ltr'>temerariae</span> <span class='ocrx_word' id='word_1_316' title='bbox 628 2248 757 2290; x_wconf 91' lang='lat' dir='ltr'>istius</span> <span class='ocrx_word' id='word_1_317' title='bbox 802 2247 1014 2301; x_wconf 90' lang='lat' dir='ltr'>opinionis</span> <span class='ocrx_word' id='word_1_318' title='bbox 1057 2250 1178 2290; x_wconf 90' lang='lat' dir='ltr'>certa</span> <span class='ocrx_word' id='word_1_319' title='bbox 1208 2247 1358 2290; x_wconf 88' lang='lat' dir='ltr'>attulit</span> <span class='ocrx_word' id='word_1_320' title='bbox 1401 2248 1608 2301; x_wconf 83' lang='lat' dir='ltr'>exempla.</span> <span class='ocrx_word' id='word_1_321' title='bbox 1671 2247 1790 2302; x_wconf 80' lang='lat' dir='ltr'>Quae</span> <span class='ocrx_word' id='word_1_322' title='bbox 1828 2260 1958 2302; x_wconf 89' lang='lat' dir='ltr'>rogas</span> <span class='ocrx_word' id='word_1_323' title='bbox 1990 2260 2066 2290; x_wconf 89' lang='lat' dir='ltr'>cur</span> <span class='ocrx_word' id='word_1_324' title='bbox 2098 2247 2387 2291; x_wconf 77' lang='lat' dir='ltr'>omittantur?</span> 
     </span>
     <span class='ocr_line' id='line_1_29' title="bbox 328 2317 2388 2372; baseline 0 -11"><span class='ocrx_word' id='word_1_325' title='bbox 328 2317 439 2372; x_wconf 80' lang='lat' dir='ltr'>Quia</span> <span class='ocrx_word' id='word_1_326' title='bbox 469 2331 553 2361; x_wconf 91' lang='lat' dir='ltr'>non</span> <span class='ocrx_word' id='word_1_327' title='bbox 585 2322 699 2361; x_wconf 88' lang='lat' dir='ltr'>sunt.</span> <span class='ocrx_word' id='word_1_328' title='bbox 762 2318 894 2361; x_wconf 91' lang='lat' dir='ltr'>Nemo</span> <span class='ocrx_word' id='word_1_329' title='bbox 936 2318 1122 2372; x_wconf 88' lang='lat' dir='ltr'>scriptor</span> <span class='ocrx_word' id='word_1_330' title='bbox 1152 2318 1346 2371; x_wconf 88' lang='lat' dir='ltr'>aequalis</span> <span class='ocrx_word' id='word_1_331' title='bbox 1377 2332 1432 2361; x_wconf 92' lang='lat' dir='ltr'>ne</span> <span class='ocrx_word' id='word_1_332' title='bbox 1469 2320 1601 2362; x_wconf 88' lang='lat' dir='ltr'>verbo</span> <span class='ocrx_word' id='word_1_333' title='bbox 1633 2319 1803 2372; x_wconf 89' lang='lat' dir='ltr'>quidem</span> <span class='ocrx_word' id='word_1_334' title='bbox 1833 2319 2093 2362; x_wconf 84' lang='lat' dir='ltr'>Juvenalem</span> <span class='ocrx_word' id='word_1_335' title='bbox 2136 2323 2186 2361; x_wconf 91' lang='lat' dir='ltr'>ut</span> <span class='ocrx_word' id='word_1_336' title='bbox 2217 2322 2388 2371; x_wconf 76' lang='lat' dir='ltr'>poetam</span> 
     </span>
     <span class='ocr_line' id='line_1_30' title="bbox 329 2389 2386 2444; baseline 0 -13"><span class='ocrx_word' id='word_1_337' title='bbox 329 2389 551 2432; x_wconf 85' lang='lat' dir='ltr'>satiricum</span> <span class='ocrx_word' id='word_1_338' title='bbox 582 2393 896 2433; x_wconf 89' lang='lat' dir='ltr'>commemorat.</span> <span class='ocrx_word' id='word_1_339' title='bbox 907 2389 972 2443; x_wconf 87' lang='grc'>**)</span> <span class='ocrx_word' id='word_1_340' title='bbox 1024 2389 1222 2432; x_wconf 87' lang='lat' dir='ltr'>Fuerunt</span> <span class='ocrx_word' id='word_1_341' title='bbox 1243 2390 1412 2442; x_wconf 88' lang='lat' dir='ltr'>quidem</span> <span class='ocrx_word' id='word_1_342' title='bbox 1445 2390 1516 2442; x_wconf 91' lang='lat' dir='ltr'>qui</span> <span class='ocrx_word' id='word_1_343' title='bbox 1538 2403 1564 2432; x_wconf 91' lang='lat' dir='ltr'>a</span> <span class='ocrx_word' id='word_1_344' title='bbox 1585 2389 1874 2444; x_wconf 84' lang='lat' dir='ltr'>Quinctiliano</span> <span class='ocrx_word' id='word_1_345' title='bbox 1906 2390 2008 2432; x_wconf 91' lang='lat' dir='ltr'>inst.</span> <span class='ocrx_word' id='word_1_346' title='bbox 2033 2393 2141 2432; x_wconf 88' lang='lat' dir='ltr'>orat.</span> <span class='ocrx_word' id='word_1_347' title='bbox 2166 2389 2223 2444; x_wconf 90' lang='lat' dir='ltr'>X,</span> <span class='ocrx_word' id='word_1_348' title='bbox 2251 2392 2289 2444; x_wconf 95' lang='lat' dir='ltr'>l,</span> <span class='ocrx_word' id='word_1_349' title='bbox 2312 2392 2386 2431; x_wconf 84' lang='lat'>95:</span> 
     </span>
     <span class='ocr_line' id='line_1_31' title="bbox 336 2459 2389 2515; baseline 0 -12"><span class='ocrx_word' id='word_1_350' title='bbox 336 2462 465 2513; x_wconf 86' lang='lat' dir='ltr'>„sunt</span> <span class='ocrx_word' id='word_1_351' title='bbox 496 2460 604 2503; x_wconf 87' lang='lat' dir='ltr'>clari</span> <span class='ocrx_word' id='word_1_352' title='bbox 636 2461 715 2514; x_wconf 91' lang='lat' dir='ltr'>(sc.</span> <span class='ocrx_word' id='word_1_353' title='bbox 749 2459 936 2515; x_wconf 86' lang='lat' dir='ltr'>satirici)</span> <span class='ocrx_word' id='word_1_354' title='bbox 969 2459 1180 2512; x_wconf 81' lang='lat' dir='ltr'>hodieque</span> <span class='ocrx_word' id='word_1_355' title='bbox 1211 2463 1257 2503; x_wconf 91' lang='lat' dir='ltr'>et</span> <span class='ocrx_word' id='word_1_356' title='bbox 1288 2460 1360 2512; x_wconf 90' lang='lat' dir='ltr'>qui</span> <span class='ocrx_word' id='word_1_357' title='bbox 1391 2460 1491 2503; x_wconf 91' lang='lat' dir='ltr'>olim</span> <span class='ocrx_word' id='word_1_358' title='bbox 1522 2460 1897 2515; x_wconf 87' lang='lat' dir='ltr'>nominabuntur,“</span> <span class='ocrx_word' id='word_1_359' title='bbox 1934 2473 2031 2504; x_wconf 92' lang='lat' dir='ltr'>eum</span> <span class='ocrx_word' id='word_1_360' title='bbox 2062 2459 2271 2513; x_wconf 89' lang='lat' dir='ltr'>imprimis</span> <span class='ocrx_word' id='word_1_361' title='bbox 2304 2459 2389 2503; x_wconf 89' lang='lat' dir='ltr'>dici</span> 
     </span>
     <span class='ocr_line' id='line_1_32' title="bbox 332 2530 2388 2588; baseline 0 -14"><span class='ocrx_word' id='word_1_362' title='bbox 332 2530 572 2575; x_wconf 89' lang='lat' dir='ltr'>crederent.</span> <span class='ocrx_word' id='word_1_363' title='bbox 626 2531 713 2575; x_wconf 88' lang='lat' dir='ltr'>Sed</span> <span class='ocrx_word' id='word_1_364' title='bbox 744 2531 885 2585; x_wconf 87' lang='lat' dir='ltr'>opinio</span> <span class='ocrx_word' id='word_1_365' title='bbox 908 2531 996 2586; x_wconf 90' lang='lat' dir='ltr'>illa,</span> <span class='ocrx_word' id='word_1_366' title='bbox 1030 2544 1140 2584; x_wconf 88' lang='lat' dir='ltr'>quae</span> <span class='ocrx_word' id='word_1_367' title='bbox 1162 2535 1232 2575; x_wconf 89' lang='lat' dir='ltr'>est</span> <span class='ocrx_word' id='word_1_368' title='bbox 1259 2531 1351 2575; x_wconf 92' lang='lat' dir='ltr'>eius</span> <span class='ocrx_word' id='word_1_369' title='bbox 1374 2532 1532 2575; x_wconf 88' lang='lat' dir='ltr'>levitas</span> <span class='ocrx_word' id='word_1_370' title='bbox 1555 2532 1877 2588; x_wconf 89' lang='lat' dir='ltr'>temeritasque,</span> <span class='ocrx_word' id='word_1_371' title='bbox 1910 2531 2038 2575; x_wconf 90' lang='lat' dir='ltr'>facile</span> <span class='ocrx_word' id='word_1_372' title='bbox 2061 2544 2112 2575; x_wconf 92' lang='lat' dir='ltr'>eo</span> <span class='ocrx_word' id='word_1_373' title='bbox 2133 2530 2388 2585; x_wconf 86' lang='lat' dir='ltr'>infirmatur,</span> 
     </span>
     <span class='ocr_line' id='line_1_33' title="bbox 329 2602 2389 2658; baseline 0 -14"><span class='ocrx_word' id='word_1_374' title='bbox 329 2602 442 2653; x_wconf 92' lang='lat' dir='ltr'>quod</span> <span class='ocrx_word' id='word_1_375' title='bbox 472 2602 545 2645; x_wconf 87' lang='lat' dir='ltr'>illo</span> <span class='ocrx_word' id='word_1_376' title='bbox 577 2606 768 2655; x_wconf 80' lang='lat' dir='ltr'>tompore</span> <span class='ocrx_word' id='word_1_377' title='bbox 801 2604 875 2656; x_wconf 88' lang='grc'>(95</span> <span class='ocrx_word' id='word_1_378' title='bbox 907 2616 948 2656; x_wconf 90' lang='lat' dir='ltr'>p.</span> <span class='ocrx_word' id='word_1_379' title='bbox 982 2602 1100 2656; x_wconf 90' lang='lat' dir='ltr'>Chr.)</span> <span class='ocrx_word' id='word_1_380' title='bbox 1138 2616 1219 2654; x_wconf 93' lang='lat' dir='ltr'>quo</span> <span class='ocrx_word' id='word_1_381' title='bbox 1252 2602 1534 2657; x_wconf 82' lang='lat' dir='ltr'>Quinctiliani</span> <span class='ocrx_word' id='word_1_382' title='bbox 1565 2603 1693 2658; x_wconf 88' lang='lat' dir='ltr'>liber,</span> <span class='ocrx_word' id='word_1_383' title='bbox 1740 2603 1812 2655; x_wconf 84' lang='lat' dir='ltr'>qui</span> <span class='ocrx_word' id='word_1_384' title='bbox 1850 2606 1996 2645; x_wconf 86' lang='lat' dir='ltr'>tamen</span> <span class='ocrx_word' id='word_1_385' title='bbox 2033 2605 2166 2645; x_wconf 87' lang='lat' dir='ltr'>antea</span> <span class='ocrx_word' id='word_1_386' title='bbox 2202 2602 2389 2645; x_wconf 84' lang='lat' dir='ltr'>fortasse</span> 
     </span>
     <span class='ocr_line' id='line_1_34' title="bbox 331 2671 2389 2727; baseline 0 -13"><span class='ocrx_word' id='word_1_387' title='bbox 331 2672 521 2725; x_wconf 89' lang='lat' dir='ltr'>scriptus</span> <span class='ocrx_word' id='word_1_388' title='bbox 553 2676 668 2727; x_wconf 89' lang='lat' dir='ltr'>erat,</span> <span class='ocrx_word' id='word_1_389' title='bbox 713 2673 757 2716; x_wconf 90' lang='lat' dir='ltr'>in</span> <span class='ocrx_word' id='word_1_390' title='bbox 788 2672 1003 2726; x_wconf 90' lang='lat' dir='ltr'>publicum</span> <span class='ocrx_word' id='word_1_391' title='bbox 1035 2673 1334 2727; x_wconf 88' lang='lat' dir='ltr'>emittebatur,</span> <span class='ocrx_word' id='word_1_392' title='bbox 1380 2673 1411 2715; x_wconf 86' lang='lat' dir='ltr'>J</span> <span class='ocrx_word' id='word_1_393' title='bbox 1413 2673 1612 2716; x_wconf 83' lang='lat' dir='ltr'>uvenalis</span> <span class='ocrx_word' id='word_1_394' title='bbox 1644 2673 1815 2716; x_wconf 88' lang='lat' dir='ltr'>minime</span> <span class='ocrx_word' id='word_1_395' title='bbox 1853 2685 1938 2716; x_wconf 91' lang='lat' dir='ltr'>non</span> <span class='ocrx_word' id='word_1_396' title='bbox 1969 2672 2093 2715; x_wconf 92' lang='lat' dir='ltr'>modo</span> <span class='ocrx_word' id='word_1_397' title='bbox 2127 2672 2180 2715; x_wconf 91' lang='lat' dir='ltr'>de</span> <span class='ocrx_word' id='word_1_398' title='bbox 2211 2671 2389 2715; x_wconf 86' lang='lat' dir='ltr'>edendis</span> 
     </span>
    </p>
   </div>
   <div class='ocr_carea' id='block_1_3' title="bbox 329 2800 2388 3020">
    <p class='ocr_par' dir='ltr' id='par_1_5' title="bbox 329 2800 2388 3020">
     <span class='ocr_line' id='line_1_35' title="bbox 470 2800 2385 2845; baseline -0.001 -11"><span class='ocrx_word' id='word_1_399' title='bbox 470 2800 504 2842; x_wconf 82' lang='grc'>*)</span> <span class='ocrx_word' id='word_1_400' title='bbox 529 2800 574 2837; x_wconf 84' lang='lat' dir='ltr'>cf.</span> <span class='ocrx_word' id='word_1_401' title='bbox 593 2801 722 2835; x_wconf 77' lang='lat' dir='ltr'>Vallae</span> <span class='ocrx_word' id='word_1_402' title='bbox 739 2800 849 2835; x_wconf 86' lang='lat' dir='ltr'>verba</span> <span class='ocrx_word' id='word_1_403' title='bbox 875 2801 921 2835; x_wconf 83' lang='lat' dir='ltr'>ad</span> <span class='ocrx_word' id='word_1_404' title='bbox 943 2805 1010 2835; x_wconf 87' lang='lat' dir='ltr'>sat.</span> <span class='ocrx_word' id='word_1_405' title='bbox 1029 2801 1077 2842; x_wconf 89' lang='lat' dir='ltr'>H,</span> <span class='ocrx_word' id='word_1_406' title='bbox 1098 2804 1181 2835; x_wconf 84' lang='lat'>169:</span> <span class='ocrx_word' id='word_1_407' title='bbox 1221 2800 1455 2844; x_wconf 80' lang='lat' dir='ltr'>„aphaeresis,</span> <span class='ocrx_word' id='word_1_408' title='bbox 1481 2805 1523 2835; x_wconf 88' lang='lat' dir='ltr'>ut</span> <span class='ocrx_word' id='word_1_409' title='bbox 1540 2802 1660 2845; x_wconf 76' lang='lat' dir='ltr'>placet</span> <span class='ocrx_word' id='word_1_410' title='bbox 1676 2801 1803 2843; x_wconf 89' lang='lat' dir='ltr'>Probo,</span> <span class='ocrx_word' id='word_1_411' title='bbox 1829 2800 2020 2835; x_wconf 85' lang='lat' dir='ltr'>mittentur</span> <span class='ocrx_word' id='word_1_412' title='bbox 2046 2810 2110 2844; x_wconf 87' lang='lat' dir='ltr'>pro</span> <span class='ocrx_word' id='word_1_413' title='bbox 2135 2800 2385 2840; x_wconf 82' lang='lat' dir='ltr'>omittentur;“</span> 
     </span>
     <span class='ocr_line' id='line_1_36' title="bbox 332 2857 2387 2903; baseline 0.001 -12"><span class='ocrx_word' id='word_1_414' title='bbox 332 2860 458 2891; x_wconf 84' lang='lat' dir='ltr'>contra</span> <span class='ocrx_word' id='word_1_415' title='bbox 482 2857 519 2893; x_wconf 90' lang='lat' dir='ltr'>in</span> <span class='ocrx_word' id='word_1_416' title='bbox 544 2858 808 2894; x_wconf 82' lang='lat' dir='ltr'>Laurentiano:</span> <span class='ocrx_word' id='word_1_417' title='bbox 852 2859 1053 2903; x_wconf 82' lang='lat' dir='ltr'>„Cornutus</span> <span class='ocrx_word' id='word_1_418' title='bbox 1078 2858 1185 2894; x_wconf 87' lang='lat' dir='ltr'>aliter</span> <span class='ocrx_word' id='word_1_419' title='bbox 1210 2858 1358 2903; x_wconf 88' lang='lat' dir='ltr'>exponit</span> <span class='ocrx_word' id='word_1_420' title='bbox 1383 2858 1503 2894; x_wconf 87' lang='lat' dir='ltr'>dicens</span> <span class='ocrx_word' id='word_1_421' title='bbox 1530 2886 1538 2894; x_wconf 91' lang='lat'>.</span> <span class='ocrx_word' id='word_1_422' title='bbox 1565 2886 1573 2894; x_wconf 94' lang='lat'>.</span> <span class='ocrx_word' id='word_1_423' title='bbox 1601 2886 1609 2894; x_wconf 95' lang='lat'>.</span> <span class='ocrx_word' id='word_1_424' title='bbox 1635 2870 1712 2895; x_wconf 86' lang='lat' dir='ltr'>esse</span> <span class='ocrx_word' id='word_1_425' title='bbox 1737 2859 1905 2895; x_wconf 85' lang='lat' dir='ltr'>aferesim</span> <span class='ocrx_word' id='word_1_426' title='bbox 1931 2859 2067 2894; x_wconf 77' lang='lat' dir='ltr'>factam</span> <span class='ocrx_word' id='word_1_427' title='bbox 2091 2858 2283 2894; x_wconf 84' lang='lat' dir='ltr'>mittentur</span> <span class='ocrx_word' id='word_1_428' title='bbox 2307 2858 2329 2892; x_wconf 94' lang='lat' dir='ltr'>i.</span> <span class='ocrx_word' id='word_1_429' title='bbox 2355 2868 2387 2893; x_wconf 88' lang='lat' dir='ltr'>e.</span> 
     </span>
     <span class='ocr_line' id='line_1_37' title="bbox 332 2914 2388 2961; baseline 0 -11"><span class='ocrx_word' id='word_1_430' title='bbox 332 2914 596 2954; x_wconf 85' lang='lat' dir='ltr'>dimittentur.“</span> <span class='ocrx_word' id='word_1_431' title='bbox 647 2917 774 2953; x_wconf 83' lang='lat' dir='ltr'>Nescio</span> <span class='ocrx_word' id='word_1_432' title='bbox 809 2929 855 2953; x_wconf 89' lang='lat' dir='ltr'>an</span> <span class='ocrx_word' id='word_1_433' title='bbox 881 2917 1029 2953; x_wconf 90' lang='lat' dir='ltr'>Cornuti</span> <span class='ocrx_word' id='word_1_434' title='bbox 1061 2917 1173 2954; x_wconf 88' lang='lat' dir='ltr'>etiam</span> <span class='ocrx_word' id='word_1_435' title='bbox 1210 2917 1283 2953; x_wconf 87' lang='lat' dir='ltr'>sint</span> <span class='ocrx_word' id='word_1_436' title='bbox 1312 2917 1439 2953; x_wconf 86' lang='lat' dir='ltr'>insana</span> <span class='ocrx_word' id='word_1_437' title='bbox 1471 2917 1535 2953; x_wconf 83' lang='lat' dir='ltr'>illa</span> <span class='ocrx_word' id='word_1_438' title='bbox 1568 2918 1615 2953; x_wconf 84' lang='lat' dir='ltr'>ad</span> <span class='ocrx_word' id='word_1_439' title='bbox 1645 2924 1713 2954; x_wconf 84' lang='lat' dir='ltr'>sat.</span> <span class='ocrx_word' id='word_1_440' title='bbox 1739 2917 1790 2960; x_wconf 90' lang='lat' dir='ltr'>V,</span> <span class='ocrx_word' id='word_1_441' title='bbox 1827 2921 1872 2953; x_wconf 82' lang='lat'>89</span> <span class='ocrx_word' id='word_1_442' title='bbox 1898 2918 2008 2961; x_wconf 83' lang='lat' dir='ltr'>(Jahn</span> <span class='ocrx_word' id='word_1_443' title='bbox 2034 2919 2116 2960; x_wconf 84' lang='lat'><strong>233)</strong></span> <span class='ocrx_word' id='word_1_444' title='bbox 2151 2918 2321 2952; x_wconf 82' lang='lat' dir='ltr'>adnotata</span> <span class='ocrx_word' id='word_1_445' title='bbox 2351 2920 2388 2951; x_wconf 86' lang='lat' dir='ltr'>et</span> 
     </span>
     <span class='ocr_line' id='line_1_38' title="bbox 329 2974 1704 3020; baseline 0.001 -11"><span class='ocrx_word' id='word_1_446' title='bbox 329 2974 569 3019; x_wconf 82' lang='lat' dir='ltr'>paraphrases</span> <span class='ocrx_word' id='word_1_447' title='bbox 594 2976 679 3012; x_wconf 85' lang='lat' dir='ltr'>illae</span> <span class='ocrx_word' id='word_1_448' title='bbox 704 2976 831 3020; x_wconf 83' lang='lat' dir='ltr'>quibus</span> <span class='ocrx_word' id='word_1_449' title='bbox 855 2976 1075 3012; x_wconf 85' lang='lat' dir='ltr'>Pithoeanus</span> <span class='ocrx_word' id='word_1_450' title='bbox 1100 2980 1199 3012; x_wconf 84' lang='lat' dir='ltr'>caret</span> <span class='ocrx_word' id='word_1_451' title='bbox 1223 2981 1290 3012; x_wconf 80' lang='lat' dir='ltr'>sat.</span> <span class='ocrx_word' id='word_1_452' title='bbox 1316 2976 1379 3020; x_wconf 91' lang='lat' dir='ltr'>VI,</span> <span class='ocrx_word' id='word_1_453' title='bbox 1405 2979 1449 3012; x_wconf 82' lang='lat'>26</span> <span class='ocrx_word' id='word_1_454' title='bbox 1475 2976 1585 3019; x_wconf 86' lang='lat' dir='ltr'>(Jahn</span> <span class='ocrx_word' id='word_1_455' title='bbox 1611 2979 1704 3020; x_wconf 81' lang='grc'><strong>237).</strong></span> 
     </span>
    </p>
   </div>
   <div class='ocr_carea' id='block_1_4' title="bbox 330 3032 2388 3137">
    <p class='ocr_par' dir='ltr' id='par_1_6' title="bbox 330 3032 2388 3137">
     <span class='ocr_line' id='line_1_39' title="bbox 471 3032 2388 3079; baseline 0 -9"><span class='ocrx_word' id='word_1_456' title='bbox 471 3032 525 3077; x_wconf 75' lang='grc'>**)</span> <span class='ocrx_word' id='word_1_457' title='bbox 551 3034 656 3079; x_wconf 89' lang='lat' dir='ltr'>Apud</span> <span class='ocrx_word' id='word_1_458' title='bbox 690 3034 896 3070; x_wconf 85' lang='lat' dir='ltr'>Martialem</span> <span class='ocrx_word' id='word_1_459' title='bbox 929 3039 987 3070; x_wconf 87' lang='lat' dir='ltr'>ter</span> <span class='ocrx_word' id='word_1_460' title='bbox 1010 3035 1087 3070; x_wconf 84' lang='lat' dir='ltr'>eius</span> <span class='ocrx_word' id='word_1_461' title='bbox 1120 3045 1247 3071; x_wconf 87' lang='lat' dir='ltr'>nomen</span> <span class='ocrx_word' id='word_1_462' title='bbox 1281 3035 1453 3079; x_wconf 88' lang='lat' dir='ltr'>occurrit,</span> <span class='ocrx_word' id='word_1_463' title='bbox 1500 3035 1563 3070; x_wconf 87' lang='lat' dir='ltr'>sed</span> <span class='ocrx_word' id='word_1_464' title='bbox 1597 3035 1858 3078; x_wconf 84' lang='lat' dir='ltr'>declamatoris,</span> <span class='ocrx_word' id='word_1_465' title='bbox 1893 3045 1960 3070; x_wconf 91' lang='lat' dir='ltr'>non</span> <span class='ocrx_word' id='word_1_466' title='bbox 1995 3039 2122 3079; x_wconf 82' lang='lat' dir='ltr'>poetae</span> <span class='ocrx_word' id='word_1_467' title='bbox 2181 3033 2317 3069; x_wconf 83' lang='lat' dir='ltr'>satirici</span> <span class='ocrx_word' id='word_1_468' title='bbox 2354 3043 2388 3070; x_wconf 85' lang='lat' dir='ltr'>v.</span> 
     </span>
     <span class='ocr_line' id='line_1_40' title="bbox 330 3090 750 3137; baseline 0.01 -13"><span class='ocrx_word' id='word_1_469' title='bbox 330 3090 427 3124; x_wconf 84' lang='lat' dir='ltr'>infra</span> <span class='ocrx_word' id='word_1_470' title='bbox 451 3100 533 3137; x_wconf 81' lang='lat' dir='ltr'>pag.</span> <span class='ocrx_word' id='word_1_471' title='bbox 560 3096 605 3127; x_wconf 88' lang='grc'>22</span> <span class='ocrx_word' id='word_1_472' title='bbox 631 3097 669 3128; x_wconf 90' lang='lat' dir='ltr'>et</span> <span class='ocrx_word' id='word_1_473' title='bbox 694 3096 750 3128; x_wconf 86' lang='lat'>30.</span> 
     </span>
    </p>
   </div>
  </div>
 </body>
</html>
