2774 3681
1229 337 1519 377 *34*

339 460 422 524 hoc
455 462 635 506 minoris
670 463 875 507 momenti
907 475 1007 507 esse
1039 464 1240 507 concedo.
1294 463 1531 508 Graviores
1562 467 1709 508 autem
1741 468 1846 508 sunt
1875 478 1951 509 vv.
1973 469 2175 512 44—48:
2212 467 2413 523 „horrida

343 544 453 576 sane
472 533 722 590 AegyptuS,
754 533 833 576 sed
863 533 1049 588 luxuria,
1081 537 1288 587 quantum
1309 534 1403 587 ipse
1426 533 1591 588 notavi,
1623 534 1821 578 Barbara
1840 534 2007 580 famoso
2037 550 2123 581 non
2145 537 2263 581 cedit
2282 537 2412 580 turba

341 601 557 657 Canopo.“
623 602 779 646 Obiter
808 603 1018 646 videlicet
1055 605 1133 647 hos
1165 616 1322 647 versus
1354 604 1604 658 inspicienti
1634 604 1740 648 nihil
1772 617 1827 648 ex
1857 605 1922 648 eis
1971 606 2279 652 conficiendum
2310 620 2409 651 esse

340 673 577 735 videbitur,
608 674 696 717 nisi
726 677 776 716 ut
805 675 837 716 J
837 675 1036 717 uvenalis
1058 676 1308 728 Aegyptum
1340 675 1570 727 aliquando
1591 675 1865 727 perlustrans
1895 676 2177 721 barbarorum
2198 678 2410 721 luxuriam

341 744 517 799 Canopo
554 757 641 788 non
679 745 903 798 cedentem
942 745 1314 789 animadverterit.
1393 745 1479 789 Sed
1520 746 1799 789 observemus
1830 759 1982 790 vocem
2029 750 2253 806 „turbae“,
2300 761 2409 803 quae

310 835 316 839 ·
343 815 423 872 (cf.
453 829 498 860 v,
532 819 613 860 61:
666 816 876 871 „rixantis
915 817 1116 871 turbae“,
1160 828 1203 858 v,
1237 818 1312 858 81:
1354 815 1541 869 „victrix
1575 817 1750 870 turba“)
1783 816 1838 860 de
1868 820 2054 870 utraque
2086 824 2218 873 gente
2249 819 2411 863 infesta

343 890 593 941 usurpatur.
656 887 778 941 Ergo
809 890 938 940 poeta
969 890 1015 928 et
1044 887 1259 929 luxuriam
1297 890 1342 930 et
1379 886 1681 930 crudelitatem
1713 886 1981 931 Ombitamm
2020 888 2115 942 ipse
2153 891 2409 945 adspexisse

343 957 539 1013 videtur,
585 958 698 1011 quod
734 957 1001 1011 probabilius
1042 957 1174 1000 etiam
1216 956 1286 1012 fit,
1332 957 1370 1000 si
1402 969 1527 1010 quam
1570 962 1773 1000 accurate
1806 958 2003 1012 singulas
2043 972 2115 1002 res
2147 960 2408 1017 narraverit,

343 1029 594 1072 consideres
638 1032 684 1071 et
723 1028 874 1071 talium
906 1028 1251 1071 enuntiationum
1292 1027 1503 1071 rationem
1535 1029 1718 1083 habeas,
1763 1028 1903 1081 qualis
1936 1033 2007 1072 est
2038 1043 2079 1073 V.
2114 1033 2191 1074 56:
2241 1031 2409 1087 „adspi-

343 1100 493 1144 ceres“
522 1133 531 1142 .
557 1133 594 1154 .,
635 1111 720 1152 qua
751 1098 890 1141 forma
920 1098 1070 1141 dubito
1102 1111 1203 1141 num
1234 1099 1298 1141 uti
1329 1099 1521 1152 potuerit
1552 1099 1623 1151 qui
1655 1112 1739 1142 non
1771 1100 1865 1152 ipse
1898 1113 1968 1142 res
2000 1100 2099 1143 illas
2131 1102 2406 1155 adspexerat.

342 1169 479 1223 Atqui
519 1169 736 1212 consulem
779 1168 958 1211 Junium
1000 1182 1043 1212 v.
1078 1170 1131 1210 27
1177 1168 1308 1212 alium
1352 1182 1449 1212 esse
1492 1174 1678 1224 negant,
1722 1170 1808 1212 nisi
1849 1170 1899 1224 Q.
1942 1171 2121 1213 Junium
2166 1173 2406 1228 Rusticum,

342 1240 558 1285 Hadriani
588 1240 657 1284 ΠΙ
689 1239 880 1283 consulis
913 1239 970 1293 (p.
1005 1239 1105 1282 Chr.
1143 1240 1243 1292 119)
1277 1239 1501 1292 collegam.
1564 1239 1687 1292 Quod
1719 1239 1757 1282 si
1788 1240 1853 1283 ita
1883 1244 1967 1295 est,
2001 1242 2253 1284 sumendum
2283 1243 2408 1284 nobis

342 1315 428 1367 est,
459 1311 722 1355 Juvenalem
741 1309 827 1353 iam
850 1309 906 1352 ad
938 1321 1146 1352 summam
1169 1312 1439 1353 senectutem
1470 1313 1722 1363 provectum
1743 1309 1875 1353 animi
1907 1324 2064 1354 caussa
2084 1312 2408 1366 peregrinatum

341 1394 457 1438 esse,
490 1394 573 1435 quo
604 1380 714 1425 nihil
744 1379 990 1424 absurdius,
1043 1379 1192 1432 Neque
1224 1379 1353 1423 aliter
1383 1392 1454 1423 res
1488 1393 1537 1423 se
1567 1380 1712 1436 habet,
1746 1380 1783 1424 si
1814 1394 1910 1424 cum
1936 1381 1968 1425 J
1969 1381 2112 1438 ahnio,
2144 1382 2406 1439 Hermanno,

341 1452 583 1498 Ribbeckio
614 1451 843 1496 lectionem
874 1451 1032 1504 probas
1064 1450 1361 1494 nonnullorum
1394 1450 1606 1507 codicum,
1649 1451 1694 1494 in
1733 1451 1795 1495 eis
1834 1452 2082 1508 Pithoeam‘,
2125 1453 2197 1506 qui
2228 1453 2409 1497 formam

342 1524 552 1569 exhibent
587 1523 794 1578 „Junco“.
859 1522 968 1565 Nam
999 1521 1168 1565 Juncus
1201 1521 1275 1565 ille
1316 1523 1465 1566 consul
1510 1521 1715 1567 suffectus
1747 1522 1884 1567 fuisse
1924 1523 2064 1567 fertur
2095 1537 2134 1568 a.
2172 1527 2268 1568 127.
2332 1525 2408 1569 Sin

342 1609 448 1641 vero
491 1595 631 1650 magis
671 1593 802 1637 alicui
845 1592 1059 1647 placuerit
1102 1593 1155 1635 de
1192 1593 1222 1636 J
1224 1593 1325 1637 unio
1355 1593 1497 1647 Appio
1530 1594 1618 1648 (vel
1650 1593 1804 1649 Oppio)
1846 1594 2006 1638 Sabino
2049 1595 2267 1651 cogitare,
2312 1608 2408 1639 eum

343 1667 549 1711 Francke
592 1667 620 1709 l.
653 1666 682 1708 l.
715 1677 816 1719 pag.
853 1666 905 1706 12
938 1667 1096 1718 argute
1141 1663 1401 1717 disputando
1445 1668 1607 1720 monet,
1651 1664 1772 1708 Junii
1815 1678 1969 1708 nomen
2013 1665 2054 1708 ei
2096 1678 2175 1720 per
2218 1678 2407 1710 errorem

340 1737 525 1780 inditum
557 1749 670 1779 esse.
731 1736 876 1787 Atque
921 1734 988 1776 cui
1020 1734 1224 1776 Francke
1256 1748 1340 1777 non
1372 1736 1661 1790 persuaserit,
1706 1749 1802 1777 eum
1845 1735 1950 1778 fasti
1994 1736 2066 1790 (cf.
2100 1737 2269 1779 Dollen.
2315 1738 2343 1780 l.
2375 1738 2403 1780 l.

342 1820 443 1861 pag.
478 1808 582 1860 250)
625 1806 802 1848 Junium
848 1805 987 1858 illum,
1032 1817 1158 1856 quem
1201 1808 1381 1858 vocant,
1425 1817 1510 1846 una
1554 1818 1647 1847 cum
1686 1805 1933 1847 Domitiano
1973 1806 2017 1847 X
2058 1807 2234 1848 consule
2275 1819 2314 1849 a.
2349 1810 2404 1848 84

343 1877 573 1920 consulatu
604 1876 800 1918 functum
831 1888 930 1917 esse
961 1876 1208 1926 monebunt,
1242 1874 1269 1916 i.
1299 1887 1335 1916 e.
1370 1887 1420 1916 eo
1442 1878 1648 1928 tempore,
1682 1888 1764 1926 quo
1784 1875 2044 1917 Juvenalem
2067 1876 2304 1918 verisimile
2336 1881 2406 1918 est

343 1947 524 1991 consilio
556 1946 632 1989 vix
662 1945 771 1988 inito
804 1944 964 1988 satiras
999 1944 1215 1986 scribendi
1249 1944 1585 1987 declamatorum
1624 1945 1848 1988 etiamtum
1880 1946 2052 1988 scholas
2084 1945 2403 1998 frequentasse.

341 2019 498 2070 Itaque
531 2028 718 2071 carmen,
760 2016 798 2058 si
829 2015 903 2058 ille
943 2015 988 2057 in
1020 2027 1070 2057 eo
1100 2014 1132 2057 J
1133 2015 1260 2056 unius
1294 2014 1580 2069 significatur,
1624 2016 1761 2058 satira
1793 2020 1912 2059 certe
1942 2017 1973 2059 J
1975 2017 2172 2059 uvenalis
2205 2030 2290 2059 non
2322 2022 2404 2059 est.

342 2088 578 2132 Enimvero
622 2099 708 2130 non
740 2089 810 2129 est
854 2085 1003 2128 satira.
1076 2085 1168 2127 Iam
1201 2084 1268 2126 sin
1299 2084 1440 2127 minus
1474 2085 1624 2140 satira,
1668 2090 1716 2128 at
1747 2086 2002 2129 declamatio
2033 2086 2264 2128 Juvenalis
2308 2099 2407 2129 esse

342 2162 503 2212 potest.
557 2157 670 2211 Quid
691 2156 757 2199 ais
771 2158 792 2199 P
832 2155 1201 2198 Declamationem
1221 2155 1252 2197 J
1254 2154 1453 2197 uvenalis
1475 2155 1746 2207 publicavit?
1777 2155 1967 2199 Minime.
2014 2157 2084 2199 An
2105 2161 2206 2210 post
2227 2161 2407 2199 mortem

342 2229 437 2272 eius
479 2228 591 2270 alius
634 2227 680 2269 in
726 2226 943 2279 publicum
975 2238 1069 2268 eam
1113 2225 1291 2267 emisit?
1355 2225 1441 2267 Cur
1471 2225 1584 2267 idem
1626 2238 1711 2267 non
1742 2225 1852 2268 alias
1896 2226 2253 2281 declamationes,
2285 2227 2407 2269 velut

344 2299 585 2353 consilium,
619 2297 732 2350 quod
764 2297 886 2340 dedit
918 2296 1064 2339 Sullae
1097 2297 1199 2350 (sat.
1232 2296 1268 2351 I,
1305 2297 1375 2350 15)
1409 2296 1599 2338 edendas
1632 2296 1835 2339 curavit?
1898 2296 1968 2339 En
2011 2297 2207 2351 protinus
2240 2297 2405 2340 fraudis

344 2369 534 2422 suspicio
565 2369 705 2411 adest.
768 2368 967 2410 Fuerunt
999 2380 1118 2422 sane,
1151 2366 1224 2419 qui
1255 2367 1437 2409 satiram
1457 2366 1541 2408 XV
1573 2379 1626 2408 ex
1658 2366 1836 2409 iuvenili
1867 2372 2014 2410 aetate
2042 2368 2274 2411 Juvenalis
2307 2380 2406 2411 esse

343 2441 660 2493 existimarent,
688 2443 738 2481 ut
757 2442 909 2481 auctor
932 2439 1110 2490 (Bauer)
1133 2438 1226 2480 eius
1248 2437 1399 2491 libelli,
1428 2437 1500 2488 qui
1521 2437 1794 2479 inscribitur:
1826 2438 2049 2480 Kritische
2072 2439 2407 2493 Bemerkungen

342 2512 451 2554 iiber
481 2509 628 2563 einige
659 2509 953 2551 Nachrichten
997 2521 1077 2551 aus
1121 2508 1217 2551 dem
1260 2508 1411 2550 Leben
1452 2507 1666 2550 Juvenals
1706 2522 1807 2562 pag.
1841 2510 1896 2550 49
1943 2522 2037 2562 sqq.
2079 2514 2125 2551 et
2155 2510 2405 2551 Diintzerus

342 2581 371 2624 1.
402 2581 432 2624 1.
465 2592 566 2634 pag.
598 2581 702 2633 278;
746 2579 824 2621 sed
854 2579 933 2621 has
967 2578 1261 2621 dubitationes
1294 2578 1446 2620 tollere
1477 2578 1572 2620 ausi
1604 2591 1688 2620 non
1720 2583 1834 2621 sunt.

485 2638 569 2693 His
601 2649 655 2692 de
687 2648 855 2691 caussis
893 2648 1024 2691 etiam
1056 2647 1451 2702 peregrinationem
1495 2647 1651 2701 „animi
1694 2660 1850 2690 caussa
1885 2654 1950 2688 καὶ
1973 2657 2043 2695 τῆς
2068 2655 2235 2705 ἱστορίας
2259 2650 2401 2704 χάριν“

343 2722 593 2773 susceptam
624 2718 869 2773 negandam
900 2731 998 2769 esse
1030 2722 1149 2772 puto.
1202 2718 1288 2761 Sed
1310 2717 1442 2761 etiam
1474 2717 1579 2760 illud
1600 2718 1856 2761 monendum
1887 2722 1969 2761 est.
2023 2718 2406 2772 Peregrinationes

343 2789 592 2844 Aegyptiae
625 2790 704 2832 sub
736 2788 949 2832 Hadriani
980 2788 1159 2841 imperio
1191 2788 1473 2831 vehementer
1504 2787 1671 2830 demum
1701 2787 1854 2842 vigere
1886 2792 2136 2842 coeperunt,
2174 2787 2406 2842 praecipue

344 2871 401 2902 ex
432 2872 515 2912 quo
546 2860 783 2913 imperator
814 2859 901 2913 ille,
946 2859 1068 2901 cuius
1100 2858 1274 2911 insigne
1305 2857 1500 2911 Aegypti
1532 2858 1721 2900 studium
1752 2856 1910 2913 erat*),
1943 2871 2038 2900 cum
2071 2858 2232 2900 Sabina
2273 2870 2406 2900 uxore

487 2972 521 3017 *)
547 2973 702 3018 Propter
736 2973 852 3018 ipsum
886 2973 976 3008 illud
1006 2973 1166 3018 Aegypti
1204 2972 1363 3007 studium
1397 2972 1460 3007 vix
1491 2973 1589 3007 credi
1624 2973 1752 3018 'potest
1781 2973 1987 3008 Hadrianus
2018 2973 2215 3017 puniendos
2247 2973 2406 3008 homines

346 3031 435 3068 illuc
462 3031 616 3075 misisse,
651 3031 697 3069 cf.
723 3031 923 3074 Letronne,
960 3031 1169 3067 recherches
1199 3040 1261 3065 sur
1285 3029 1454 3074 l’Egypte
1484 3041 1566 3075 pag.
1594 3034 1680 3066 247:
1720 3031 1774 3075 „11
1798 3031 2020 3075 semblerait,
2059 3031 2142 3074 qu’a
2165 3041 2271 3065 cause
2297 3031 2341 3066 de
2365 3041 2406 3065 sa

343 3089 581 3135 predilection
604 3099 694 3134 pour
718 3089 889 3135 l'Egypte
920 3093 979 3125 cet
1010 3098 1197 3134 empereur
1222 3087 1348 3123 aimait
1383 3089 1405 3123 ὁ.
1428 3099 1452 3133 y
1476 3089 1596 3133 placer
1622 3089 1684 3125 des
1715 3099 1821 3134 gens,
1860 3088 1945 3133 qu'il
1986 3089 2235 3126 affectiomiait
2266 3100 2312 3125 ou
2345 3087 2406 3132 qui

345 3147 492 3183 avaient
516 3147 644 3193 templi
669 3148 799 3193 aupres
823 3148 868 3183 de
893 3158 933 3183 sa
958 3157 1132 3192 personne
1158 3147 1220 3182 des
1244 3146 1364 3191 places
1389 3146 1433 3182 de
1458 3146 1667 3183 confiance.“
