2774 3681
1257 308 1517 347 —9-

360 436 566 493 locupletis
610 436 810 477 incertum
852 435 966 489 filius
1010 449 1066 477 an
1111 436 1320 478 alumnus.
1398 434 1719 477 Libertinorum
1764 434 1926 477 ordinis
1967 435 1998 477 J
1999 435 2228 479 uvenalem
2277 435 2416 480 fuisse

361 506 595 560 collegitur
625 516 679 547 ex
711 509 796 548 sat.
829 505 871 559 I,
915 506 990 547 99:
1039 505 1241 558 „agnitus
1273 505 1481 559 accipies,
1522 505 1643 547 iubet
1673 518 1700 547 a
1730 517 1943 557 praecone
1973 506 2121 548 vocari
2151 507 2278 559 Ipsos
2311 507 2416 549 'Pro-

361 577 565 632 iugenas3
612 585 710 617 nam
741 578 906 618 vexant
941 574 1072 618 limen
1103 577 1149 618 et
1187 574 1273 629 ipsi
1312 574 1625 619 Nobiscum.“
1699 574 1782 618 His
1825 574 1973 619 verbis
2020 589 2112 620 cum
2153 577 2415 633 Troiugenis

359 646 591 692 Juvenalis
623 649 761 688 semet
791 646 886 699 ipse
917 648 1126 701 opponat,
1169 646 1290 688 vitae
1328 649 1481 688 auctor
1510 645 1757 688 libertinum
1789 658 1886 688 eum
1922 645 2059 689 fuisse
2096 647 2266 691 statuitl
2328 648 2415 692 Sed

360 722 504 762 utrum
535 719 661 769 patre
698 729 754 758 an
785 717 923 759 altore
954 716 1156 759 libertino
1187 730 1292 758 usus
1324 720 1463 771 esset,
1495 722 1726 770 propterea
1756 717 1800 758 in
1832 717 1960 760 dubio
1991 718 2185 774 reliquit,
2216 720 2329 772 quod
2359 731 2414 763 ex

360 789 458 834 aliis
491 788 723 832 satirarum
760 789 866 831 locis
896 788 1175 831 intellexerat
1219 787 1391 830 minime
1428 801 1524 830 eum
1554 788 1724 831 libertis
1760 788 2048 842 libertinoque
2079 790 2219 832 ordini
2248 790 2411 834 favere.

361 862 470 903 Nam
510 863 557 901 et
599 859 693 911 ipse
738 872 905 910 quoque
946 859 1039 900 sine
1083 859 1212 900 dubio
1248 858 1422 900 viderat
1462 859 1604 900 omnia
1640 871 1712 913 ea,
1757 871 1866 910 quae
1905 866 1988 901 sat.
2027 861 2095 901 III
2145 863 2200 902 58
2233 873 2327 915 sqq.
2359 862 2414 904 de

360 930 542 976 Graecis
573 930 753 973 nefariis
792 930 1085 984 disputentur,
1130 930 1186 972 ad
1221 929 1448 971 libertinos
1480 930 1671 972 Graecos
1703 931 1934 981 pertinere.
1997 932 2233 974 Praeterea
2269 937 2413 975 autem

360 1003 463 1047 ante
494 1000 640 1045 oculos
672 999 712 1045 ei
743 1000 1034 1044 versabantur
1063 999 1147 1044 loci
1178 998 1366 1044 fortasse
1397 999 1461 1043 hi:
1506 1004 1588 1044 sat.
1621 1000 1684 1057 H,
1731 1002 1806 1044 58:
1862 1006 2035 1056 „notum
2074 1008 2165 1058 est,
2210 1017 2287 1047 cur
2322 1005 2413 1048 solo

358 1074 531 1118 tabulas
560 1073 840 1126 compleverit
870 1073 1009 1115 hister
1035 1072 1263 1127 Liberto;“
1300 1076 1383 1116 sat.
1405 1072 1458 1127 V,
1482 1075 1556 1115 28:
1594 1073 1735 1126 „inter
1755 1086 1834 1115 vos
1857 1074 2055 1125 quotiens
2077 1075 2412 1129 libertorumque

360 1145 578 1189 cohortem
609 1143 808 1199 Pugna;“
860 1137 946 1187 sat.
976 1141 1080 1199 Vn,
1126 1144 1201 1186 43:
1254 1141 1365 1197 „scit
1401 1142 1504 1186 dare
1547 1142 1727 1187 libertos
1761 1149 1956 1187 extrema
1988 1144 2032 1188 in
2062 1149 2187 1198 parte
2218 1147 2412 1191 sedentis

360 1214 535 1260 Ordinis
549 1215 585 1271 ,“
634 1214 787 1267 quibus
827 1213 934 1257 locis
972 1213 1167 1257 omnibus
1206 1213 1321 1257 haud
1363 1213 1638 1257 honorificam
1678 1213 1975 1258 libertinorum
2018 1216 2274 1261 ment-ionem
2318 1217 2412 1262 fieri

357 1286 587 1332 intellexit.
650 1285 718 1330 Ea
749 1285 885 1342 igitur
915 1284 1245 1329 ratiocinatione
1277 1284 1430 1329 dubius
1462 1283 1625 1341 factuS,
1663 1297 1764 1329 num
1795 1289 1924 1339 poeta
1954 1291 2076 1331 tanto
2108 1292 2267 1340 quanto
2298 1289 2412 1333 filius

361 1357 696 1402 necessitudinis
734 1356 905 1400 vinculo
949 1368 1044 1400 cum
1087 1355 1289 1399 libertino
1333 1355 1476 1410 aliquo
1516 1355 1771 1400 coniunctus
1812 1355 1987 1412 fuisset,
2038 1358 2174 1402 verba
2216 1358 2410 1413 scripsit:

361 1430 575 1473 incertum
606 1428 719 1471 filius
763 1441 819 1472 an
862 1428 1072 1471 alumnus,
1136 1426 1258 1483 Quod
1289 1431 1432 1470 autem
1464 1429 1666 1484 locupletis
1703 1427 1895 1472 libertini
1928 1428 2059 1473 filium
2090 1433 2168 1474 aut
2197 1431 2412 1476 alumnum

361 1514 457 1544 eum
487 1500 624 1542 fuisse
656 1500 834 1555 dicitur,
872 1500 935 1555 id,
982 1503 1031 1541 ut
1062 1502 1181 1541 recte
1219 1499 1303 1541 iam
1334 1499 1581 1541 Diintzerus
1613 1499 1800 1554 invenit,
1846 1512 1940 1542 cum
1973 1501 2167 1544 omnibus
2200 1502 2254 1545 iis
2304 1515 2413 1556 quae

362 1576 444 1614 sat.
477 1571 545 1613 XI
584 1571 637 1613 de
679 1583 726 1612 se
763 1570 870 1612 dicit
900 1574 1047 1624 poeta,
1093 1574 1183 1611 tum
1220 1570 1402 1611 maxime
1433 1582 1565 1612 versu
1603 1570 1758 1612 nititur
1788 1570 1979 1612 eiusdem
2012 1571 2174 1614 satirae
2205 1572 2291 1628 XI,
2336 1575 2411 1617 65:

364 1641 456 1696 „De
499 1640 726 1683 Tiburtino
770 1641 918 1682 veniet
960 1640 1270 1694 pinguissimus
1314 1652 1421 1694 agro
1467 1641 1729 1683 Haedulus.“
1802 1640 1921 1693 Quae
1958 1641 2018 1684 ibi
2059 1648 2414 1686 commemoratur

358 1714 514 1765 poetae
544 1711 651 1753 villa
683 1710 929 1767 Tiburtina,
971 1723 1064 1753 eam
1094 1723 1121 1753 a
1151 1710 1353 1754 libertino
1397 1710 1491 1753 sive
1534 1714 1658 1765 patre
1691 1711 1785 1754 sive
1821 1712 1959 1755 altore
1991 1724 2070 1765 per
2107 1713 2326 1757 heredium
2357 1714 2413 1758 ad

358 1782 390 1825 J
390 1782 616 1825 uvenalem
647 1783 901 1835 pervenisse
932 1781 1052 1823 vitae
1084 1781 1269 1834 scriptor
1299 1793 1552 1834 persuasum
1583 1782 1747 1824 habuit.

502 1855 572 1894 Ad
601 1855 777 1894 mediam
805 1855 893 1908 fere
921 1859 1089 1894 aetatem
1120 1854 1367 1894 declamavit.
1420 1853 1542 1894 Haec
1564 1865 1617 1895 ex
1649 1854 1742 1895 sola
1762 1854 1900 1906 prima
1924 1855 2061 1897 satira
2091 1856 2274 1899 collecta
2296 1861 2409 1913 sunt,

359 1925 518 1977 quippe
541 1937 651 1976 quae
671 1929 822 1977 aperte
844 1925 1087 1966 declararet
1108 1928 1278 1976 poetam
1299 1924 1524 1965 admodum
1547 1924 1619 1964 diu
1651 1924 1986 1966 declamatorum
2019 1926 2189 1969 scholas
2212 1927 2409 1981 frequen-

358 1999 495 2037 tasse.
558 1996 758 2037 Ceterum
791 1995 998 2037 Teuffelio
1028 1997 1181 2037 Jahrb.
1204 1995 1273 2036 fiir
1293 1995 1446 2036 Philol.
1469 2008 1510 2036 u.
1534 1995 1639 2036 Pad.
1663 1995 1743 2037 Bd.
1767 1997 1822 2036 43
1845 2008 1946 2048 pag.
1974 1998 2054 2037 107
2087 1998 2409 2040 assentiendum

358 2069 441 2121 est,
473 2066 547 2118 qui
582 2065 789 2120 „mediam
821 2066 1035 2107 aetatem“
1071 2078 1155 2107 non
1186 2065 1299 2107 idem
1330 2077 1429 2107 esse
1459 2065 1556 2107 vult
1587 2077 1638 2107 ac
1674 2065 1880 2119 „mediam
1913 2066 2085 2109 vitam“.

499 2139 646 2179 Animi
675 2139 805 2193 maqis
835 2151 991 2192 caussa,
1023 2152 1147 2193 quam
1177 2139 1285 2193 quod
1313 2138 1469 2179 scholae
1504 2152 1543 2179 se
1578 2143 1651 2179 aut
1684 2139 1777 2191 foro
1816 2145 2090 2192 praepararet.
2159 2138 2227 2180 Ea
2257 2144 2407 2182 auctor

360 2206 523 2264 posuit,
568 2207 668 2261 quia
698 2207 828 2251 nullis
861 2207 1091 2251 satirarum
1122 2208 1227 2251 locis
1258 2207 1288 2251 J
1290 2207 1488 2252 uvenalis
1521 2220 1568 2251 se
1599 2208 1814 2251 rhetorem
1846 2207 1980 2251 fuisse
2014 2209 2204 2251 ostendit
2235 2215 2280 2252 et
2310 2211 2405 2253 rhe-

359 2277 525 2321 ton'bus
556 2278 739 2331 aliisque
771 2278 863 2321 eius
896 2278 1069 2332 generis
1101 2278 1342 2321 hominibus
1384 2278 1522 2320 satira
1557 2279 1786 2331 praecipue
1817 2278 1902 2321 VII
1939 2279 2218 2321 vehementer
2248 2280 2403 2323 illudit.

360 2346 445 2391 Sed
475 2348 620 2392 ieiuna
651 2354 721 2392 est
758 2348 954 2402 quaestio
986 2349 1039 2392 de
1072 2361 1217 2393 eorum
1247 2350 1474 2393 verborum
1506 2349 1685 2403 origine,
1718 2361 1827 2401 quae
1858 2349 2203 2403 amplificationis
2235 2355 2405 2394 tantum

359 2421 405 2459 et
435 2420 677 2461 ornamenti
708 2432 865 2461 caussa
895 2419 1101 2473 perfacile
1133 2421 1235 2463 addi
1271 2420 1508 2474 potuerint3
1553 2432 1679 2473 quam
1715 2420 1891 2463 missam
1931 2420 2153 2464 faciamus.
2216 2420 2406 2466 Difficile

358 2494 502 2532 autem
522 2492 697 2532 videtur
727 2492 930 2545 iudicare,
961 2491 1074 2532 unde
1101 2491 1276 2532 exilium
1307 2492 1483 2543 eiusque
1505 2503 1703 2531 caussam
1734 2491 2041 2544 grammaticus
2073 2492 2402 2547 excogitaverit.

357 2560 502 2613 Atque
542 2574 624 2616 ego
662 2575 746 2604 non
784 2575 879 2604 eum
915 2574 982 2615 me
1021 2562 1200 2616 fingam,
1246 2562 1319 2614 qui
1358 2562 1525 2604 demum
1556 2574 1704 2603 veram
1747 2565 1792 2604 et
1835 2561 2015 2615 solidam
2055 2563 2405 2606 narratiunculae

357 2631 568 2686 originem
610 2634 861 2677 invenerim.
933 2633 984 2676 Id
1027 2633 1138 2675 enim
1180 2645 1284 2688 ag0,
1325 2637 1376 2675 ut
1419 2633 1685 2675 labefactata
1731 2632 1850 2675 vitae
1898 2633 2160 2676 aucton'tate
2206 2634 2404 2688 omnique

357 2703 653 2748 defendendae
674 2706 767 2748 eius
789 2705 1013 2748 occasione
1044 2705 1241 2757 praecisa
1272 2705 1413 2746 omnia
1435 2717 1544 2756 quae
1565 2705 1625 2746 ibi
1656 2710 1887 2746 narrantur
1907 2717 1959 2746 ea
1980 2717 2078 2746 esse
2100 2705 2403 2761 demonstrem,

358 2785 467 2826 quae
505 2776 872 2828 qualibuscunque
909 2775 1168 2819 coniecturis
1206 2775 1446 2828 excogitari
1482 2775 1716 2827 potuerint.
1785 2775 1869 2818 Sed
1907 2775 2034 2828 plane
2071 2776 2187 2817 velle
2224 2777 2404 2819 eandem

356 2844 627 2890 coniectandi
667 2847 878 2891 rationem
920 2846 1135 2901 invenire,
1178 2858 1262 2898 qua
1302 2845 1424 2888 homo
1465 2844 1509 2887 in
1547 2844 1831 2900 confingenda
1872 2845 1948 2888 illa
1993 2844 2140 2888 fabula
2181 2859 2286 2889 usus
2330 2847 2403 2903 sit,

355 2914 465 2959 haec
496 2921 617 2961 esset
647 2918 913 2973 arrogantia.
976 2916 1192 2972 Cogitatio
1224 2916 1336 2959 enim
1368 2915 1463 2969 quis
1495 2916 1639 2959 nescit
1669 2929 1795 2970 quam
1826 2915 2062 2959 artificiosa
2093 2929 2243 2973 saepe,
2276 2930 2402 2971 quam

354 2986 464 3027 mira
494 2991 540 3029 et
570 3001 675 3031 vere
705 2989 876 3033 infinita
906 2988 1039 3031 fuerit
1076 2988 1120 3030 in
1157 2987 1263 3042 illis,
1307 2986 1398 3041 qui,
1441 2986 1665 3029 dummodo
1704 2987 1910 3029 miracula
1956 2990 2001 3029 et
2041 2999 2113 3030 res
2157 2987 2402 3042 singulares

355 3060 597 3114 capta-rent,
619 3060 715 3102 veri
735 3059 1112 3114 neglegentissimi
1134 3071 1231 3101 esse
1254 3057 1476 3100 solerent?
1509 3057 1652 3112 Quare
1672 3071 1770 3113 non,
1795 3058 1832 3101 si
1864 3058 1959 3112 quis
1991 3057 2164 3100 exilium
2186 3058 2404 3103 fallaciter

354 3139 382 3168 a
412 3131 708 3180 grammaticis
741 3134 1024 3173 commentum
1056 3143 1154 3172 esse
1185 3128 1428 3184 putaverit,
1471 3128 1631 3170 idcirco
1663 3128 1887 3171 temeritas
1919 3129 1958 3171 ei
1989 3130 2289 3182 exprobranda
2319 3134 2402 3174 est.

2097 3211 2118 3241 2
