2774 3681
1240 328 1529 369 —29-

350 455 466 500 Pun.
499 457 595 500 Sec.
627 455 942 509 Panegyricum
973 455 1133 498 editam
1169 455 1286 509 esse)
1326 455 1370 497 in
1408 454 1652 508 primordiis
1693 455 1761 496 sui
1797 454 1966 507 imperii
1996 468 2090 497 eum
2130 455 2282 498 eadem
2323 467 2410 510 qua

354 526 674 572 crudelissimos
696 526 861 580 priores
883 526 1101 580 principes
1121 525 1390 579 immanitate
1410 539 1534 568 usum
1555 526 1828 568 innocentem
1843 530 2013 578 poetam
2033 526 2162 576 exilio
2183 515 2408 580 punivisse

353 598 541 641 censes?
593 596 711 640 Nihil
742 609 823 651 ego
854 596 994 640 minus
1025 596 1263 639 verisimile
1294 608 1393 639 esse
1424 596 1637 639 existimo.
1690 596 1849 639 Verum
1882 596 2198 638 consideremus
2230 600 2277 638 et
2306 595 2404 639 alia.

354 669 410 712 Se
442 668 585 711 notari
617 667 830 710 Traianus
862 667 1039 711 credere
1069 680 1156 710 non
1186 666 1346 722 potuit,
1378 660 1475 709 nisi*
1494 670 1597 709 ante
1628 666 1791 709 editam
1821 665 1940 708 illam
1972 665 2164 722 satiram,
2195 667 2239 709 111
2271 667 2405 720 primo

351 739 489 794 igitur
526 738 725 794 imperio,
769 738 924 782 nimiae
965 751 1070 782 suae
1100 737 1145 781 in
1176 738 1383 793 Pyladem
1414 738 1711 793 indulgentiae
1748 736 1967 790 specimen
2004 736 2197 779 dederat.
2270 739 2406 790 Atqui

355 813 620 863 compertum
659 810 864 852 habemus
902 809 1148 864 Traianum,
1193 808 1451 862 simulatque
1494 809 1728 862 imperator
1758 808 1901 851 factus
1943 811 2081 863 esset,
2125 807 2406 861 pantomimos

357 881 589 924 sustulisse
622 880 750 934 (Plin.
782 893 938 935 paneg.
972 893 1064 934 cap.
1099 882 1189 935 46),
1222 892 1328 933 quos
1360 880 1405 922 in
1435 880 1571 934 primo
1602 880 1772 923 demum
1803 879 1963 922 Dacico
1995 878 2210 932 triumpho
2247 890 2287 921 a.
2323 881 2404 921 102

351 953 412 1006 (v.
434 952 665 995 Dierauer:
688 951 951 995 Geschichte
974 951 1157 993 Traians
1180 964 1280 1005 pag.
1304 952 1382 1006 92)
1414 952 1623 994 restituit.
1676 950 1855 992 Cassius
1887 950 2001 992 enim
2031 949 2113 992 Dio
2136 948 2318 1003 LXVII,
2355 948 2406 992 10‘

352 1024 560 1077 scriptum
591 1023 784 1075 reliquit:
849 1024 1072 1079 ,Τραϊανός
1096 1025 1134 1063 δὲ
1160 1025 1212 1063 τοί
1229 1039 1267 1062 τε
1291 1025 1494 1077 νικητήρια
1518 1026 1632 1073 ἤγαγε
1651 1030 1716 1062 καὶ
1733 1022 1910 1068 Δακικός
1933 1024 2204 1071 ἐπωνομάσθη,
2229 1024 2268 1058 ἓν
2290 1036 2329 1059 τε
2352 1029 2406 1071 τῷ·

351 1091 501 1145 θεάτρῳ
519 1089 775 1140 μονομάχους
795 1089 971 1136 συνέβαλε
985 1093 1068 1135 (καὶ
1079 1087 1152 1142 γάρ
1163 1089 1312 1142 ἔχαιρεν
1332 1088 1485 1135 αὐτοῖς)
1503 1092 1567 1127 καὶ
1578 1088 1672 1134 τούς
1689 1086 1882 1141 ὀρχηστάς
1901 1090 1936 1133 ἐς
1949 1085 1997 1127 τό
2009 1087 2176 1140 θέατρον
2187 1086 2406 1134 ἐπανήγαγε,

351 1160 416 1192 καὶ
439 1155 511 1208 γάρ
536 1154 618 1199 ένός
643 1155 775 1191 αὐτῶν
800 1159 875 1191 τοῦ
893 1153 1078 1191 Πυλάδου
1100 1152 1209 1207 {feast
1268 1150 1453 1193 Satiram
1484 1154 1629 1192 autem
1659 1150 1745 1192 VII
1776 1154 1878 1192 ante
1909 1149 2171 1202 triumphum
2200 1147 2406 1191 Dacicum

351 1221 511 1264 editam
533 1233 631 1263 esse
654 1224 698 1263 et
719 1221 991 1263 Hermannus
1015 1219 1200 1262 credidit
1221 1223 1266 1263 et
1297 1224 1366 1263 est
1387 1233 1433 1262 re
1455 1233 1561 1262 vera
1592 1220 1703 1262 satis
1725 1219 1961 1274 probabile,
1994 1220 2096 1271 quia
2116 1219 2170 1262 de
2191 1218 2405 1271 triumpho

349 1291 423 1334 1110
446 1288 629 1345 cunctis,
648 1302 754 1343 quos
776 1294 908 1333 antea
922 1290 1059 1332 Roma
1074 1289 1261 1345 viderat,
1284 1290 1572 1343 splendidiore
1594 1290 1714 1333 nulla
1733 1290 1778 1332 in
1801 1303 1853 1333 ea
1873 1290 2032 1333 mentio
2054 1293 2267 1343 occurrat,
2281 1301 2406 1341 quam

348 1362 581 1405 Juvenalis
612 1361 657 1403 in
688 1362 816 1404 laude
838 1361 1040 1404 Caesaris
1072 1361 1201 1413 plane
1231 1360 1581 1414 praetermittere
1612 1374 1696 1403 non
1728 1360 1887 1403 debuit.
1950 1360 2031 1403 Π10
2062 1372 2169 1414 ergo
2200 1363 2405 1413 tempore,

350 1446 432 1485 quo
465 1433 602 1474 satira
632 1433 853 1485 publicata
883 1434 965 1486 est,
998 1431 1211 1473 Traianus
1249 1435 1295 1474 et
1330 1431 1613 1485 pantomimos
1650 1431 1790 1486 magis
1827 1431 1971 1474 odisse
2003 1442 2129 1483 quam
2160 1429 2311 1474 favere
2342 1428 2405 1473 eis

349 1503 593 1555 videbatur,
626 1514 720 1554 nec,
752 1506 801 1542 ut
833 1514 887 1542 ex
918 1502 1071 1542 Dionis
1103 1502 1196 1542 loco
1228 1503 1374 1542 nescio
1406 1514 1462 1542 an
1494 1502 1689 1542 conicere
1719 1501 1870 1556 liceat,
1903 1500 2083 1555 Pyladis
2115 1512 2265 1543 amans
2297 1504 2404 1544 erat.

351 1570 404 1615 Id
442 1575 560 1614 certe
599 1574 791 1625 constat,
837 1571 1014 1612 Traiani
1057 1572 1246 1613 studium
1289 1572 1572 1624 „histrionum
1609 1577 1931 1633 ceterorumque
1970 1571 2075 1612 circi
2111 1574 2189 1612 aut
2219 1570 2405 1612 harenae

348 1639 586 1685 artificum“
624 1640 807 1696 (Fronto
839 1640 892 1684 de
923 1640 1058 1694 princ.
1090 1640 1193 1684 hist.
1224 1644 1264 1696 5,
1307 1644 1380 1696 13;
1411 1641 1606 1684 Niebuhr
1638 1643 1739 1696 249)
1772 1641 2083 1695 posterioribus
2114 1641 2239 1685 annis
2271 1641 2405 1684 maius

348 1711 567 1767 evasisse,
611 1711 675 1754 ita
711 1715 761 1753 ut
799 1711 982 1766 (Fronto
1017 1712 1046 1755 1.
1078 1711 1106 1755 1.
1140 1712 1163 1767 ξ
1200 1712 1271 1766 11)
1309 1712 1422 1755 bello
1461 1711 1666 1755 Parthico
1705 1711 2017 1755 exardescente
2058 1711 2315 1766 „histriones
2351 1724 2405 1755 ex

349 1784 456 1826 urbe
487 1783 532 1825 in
555 1783 724 1825 Suriam
754 1783 959 1826 acciret“.
1014 1783 1134 1837 Quae
1166 1796 1262 1826 cum
1283 1784 1347 1826 ita
1378 1783 1480 1839 sint,
1513 1796 1663 1837 parum
1684 1783 1918 1826 verisimile
1951 1786 2021 1826 est
2051 1786 2128 1826 aut
2147 1782 2410 1831 Juvenalem

348 1853 550 1897 versibus
572 1851 660 1896 illis
683 1853 915 1896 Traianum
936 1857 1088 1897 notare
1109 1854 1302 1897 voluisse
1323 1858 1400 1897 aut
1422 1854 1654 1896 Traianum
1676 1867 1763 1909 eOS,
1787 1854 1912 1907 quasi
1933 1854 1977 1897 in
2000 1866 2046 1897 se
2069 1854 2223 1908 scripti
2242 1859 2402 1911 essent,

349 1924 595 1981 accepisse,
641 1925 810 1978 quando
849 1925 1016 1978 quidem
1056 1939 1107 1969 eo
1145 1929 1336 1980 tempore
1375 1925 1460 1968 iam
1490 1926 1701 1980 publicati
1731 1929 1877 1980 erant,
1923 1938 2006 1978 quo
2039 1928 2301 1979 quantopere
2331 1925 2402 1969 ille

348 1996 706 2049 pantomimorum
739 1996 926 2050 diligens
958 2000 1092 2052 esset,
1125 2009 1248 2039 nemo
1280 1997 1447 2051 opinari
1477 2000 1640 2051 posset.
1702 1998 1763 2040 At
1793 2008 1899 2040 vero
1930 1996 1994 2052 id,
2026 1996 2186 2052 inquit,
2219 1996 2402 2040 Traiano

351 2067 638 2120 suspicionem
660 2068 810 2122 movit,
833 2068 946 2119 quod
961 2068 992 2110 J
993 2067 1192 2110 uvenalis
1214 2070 1374 2110 versus*
1391 2067 1488 2109 illos
1511 2080 1565 2109 ex
1586 2067 1773 2121 pristina
1788 2067 1934 2120 aliqua
1955 2067 2092 2110 satira
2112 2067 2157 2111 in
2179 2067 2401 2120 septimam

347 2141 587 2191 receperat.
657 2137 692 2180 O
732 2137 776 2180 di
813 2138 938 2181 boni!
996 2138 1162 2181 utinam
1201 2138 1376 2181 tandem
1422 2138 1652 2192 aliquando
1688 2138 1782 2182 VV.
1821 2138 1916 2182 DD.
1961 2138 2133 2182 fabulae
2174 2138 2238 2182 illi
2277 2138 2402 2181 fidem

349 2207 541 2251 tribuere
573 2208 810 2263 desistant,
849 2208 918 2251 cui
950 2222 1075 2261 quam
1107 2222 1258 2251 verum
1288 2222 1374 2251 non
1404 2209 1510 2251 insit
1540 2210 1610 2252 hic
1641 2213 1793 2262 aperte
1829 2210 1914 2252 iam
1945 2210 2231 2263 cognoscitur.
2293 2209 2402 2251 Nam

349 2279 459 2321 duae
490 2291 561 2321 res
583 2279 697 2321 haud
718 2279 900 2333 exiguas
922 2279 1215 2322 dubitationes
1247 2279 1371 2321 nobis
1393 2279 1588 2321 iniciunt.
1641 2280 1830 2321 Primum
1857 2280 1971 2321 enim
2002 2280 2257 2334 quaerimus,
2288 2280 2400 2322 unde

349 2349 608 2403 compererit
640 2349 868 2405 Traianus,
901 2349 1080 2392 satiram
1111 2349 1230 2392 illam
1262 2362 1493 2403 paucorum
1524 2363 1727 2393 versuum
1758 2350 2009 2403 iampridem
2040 2351 2085 2393 in
2111 2350 2399 2393 Domitianum

349 2419 509 2462 factam
541 2432 763 2473 novaeque
796 2420 957 2464 satirae
979 2420 1065 2464 VH
1095 2419 1300 2463 infertam
1332 2433 1450 2476 esse3
1503 2421 1660 2464 deinde
1692 2421 1846 2474 quibus
1879 2421 2047 2465 caussis
2077 2421 2309 2464 instinctus
2342 2422 2401 2464 sit

347 2490 601 2546 Juvenalis,
644 2495 694 2533 ut
730 2503 885 2535 versus
923 2490 1160 2535 Domitiani
1198 2491 1463 2546 temporibus
1501 2492 1745 2536 elaboratos
1785 2492 1970 2535 Traiano
2007 2505 2142 2546 nuper
2177 2492 2401 2545 imperium

348 2562 506 2616 adepto
544 2574 656 2605 novo
695 2562 874 2606 carmini
911 2567 956 2606 et
993 2562 1033 2606 ei
1065 2562 1235 2616 quidem
1273 2562 1423 2606 laudes
1462 2562 1638 2606 Traiani
1680 2563 1920 2607 continenti
1956 2562 2148 2607 inferret.
2216 2562 2401 2615 Utrique

350 2633 595 2686 quaestioni
617 2633 863 2677 difficillime
885 2637 955 2677 est
976 2645 1200 2688 responsu.
1245 2633 1395 2687 Neque
1417 2633 1529 2677 enim
1552 2632 1764 2677 Traianus
1787 2633 1899 2677 scire
1921 2634 2148 2687 quidquam
2168 2633 2222 2676 de
2243 2634 2403 2688 exigua

348 2703 425 2744 illa
457 2705 594 2745 satira
624 2704 779 2760 potuit,
811 2704 896 2746 nisi
928 2704 966 2746 si
997 2707 1128 2747 antea
1158 2715 1211 2747 ea
1240 2703 1327 2747 iam
1356 2704 1578 2758 publicata
1608 2707 1716 2748 erat.
1770 2703 1892 2759 Quod
1914 2704 2079 2765 quando
2110 2704 2272 2748 factum
2303 2707 2401 2749 est?

348 2772 558 2815 Nimirum
590 2778 667 2816 aut
697 2774 944 2817 Domitiano
975 2777 1051 2816 aut
1077 2774 1225 2816 Nerva
1255 2778 1481 2829 regnante.
1545 2774 1631 2817 Sed
1662 2786 1739 2817 cur
1771 2775 1849 2817 sub
1871 2774 2105 2818 Domitiani
2136 2774 2316 2828 imperio
2347 2775 2402 2819 de

350 2842 538 2898 editione
570 2844 804 2886 satirarum
835 2844 1019 2898 cogitari
1049 2857 1135 2885 non
1165 2845 1326 2900 possit,
1370 2845 1415 2886 id
1446 2856 1542 2887 cum
1573 2856 1705 2899 supra
1733 2846 1887 2900 probe,
1919 2844 2087 2900 opinor,
2120 2843 2402 2890 diiudicatum

351 2911 411 2954 sit
442 2916 534 2954 tum
564 2914 760 2956 hocloco
791 2927 902 2956 novo
934 2918 1189 2968 argumento
1211 2916 1478 2968 comprobari
1509 2927 1638 2969 posse
1669 2926 1836 2970 censeo,
1868 2914 1980 2967 quod
2010 2917 2060 2957 ut
2089 2914 2146 2958 ad
2166 2914 2405 2961 Domitiani

349 2984 546 3036 tempora
586 2983 651 3027 ita
690 2984 746 3027 ad
783 2985 956 3027 Nervae
1000 2998 1167 3038 quoque
1207 2990 1397 3028 aetatem
1437 2987 1585 3028 valere
1628 2986 1788 3039 aliquid
1830 2990 2050 3039 appareat.
2124 2985 2405 3041 Depromitur

350 3056 494 3097 autem
538 3067 592 3098 ex
636 3055 798 3098 satirae
841 3056 1005 3109 primae
1055 3061 1310 3111 argumento
1366 3061 1412 3099 et
1458 3058 1690 3110 proposito.
1772 3057 1881 3099 Eam
1927 3057 2040 3099 enim
2086 3057 2167 3099 sub
2216 3058 2404 3102 Traiano

351 3123 511 3168 editam
544 3137 642 3168 esse
675 3138 798 3169 nemo
835 3129 905 3169 est
936 3126 1008 3178 qui
1039 3130 1193 3181 neget,
1233 3139 1372 3179 neque
1404 3139 1656 3179 quemquam
1693 3126 1807 3179 fugit
1841 3131 2013 3178 poetam
2044 3127 2105 3168 ibi
2135 3127 2189 3168 de
2220 3128 2408 3182 principi
