2774 3681
1245 322 1535 363 ..13-

501 449 587 494 Sed
617 449 804 493 nondum
833 450 890 492 ad
919 450 1047 493 finem
1078 450 1315 504 disputatio
1347 451 1400 494 de
1432 451 1527 494 vita
1557 451 1768 505 perducta
1799 454 1881 494 est.
1944 451 2089 495 Verba
2119 451 2254 495 enim:
2300 467 2420 505 „mooe

359 537 511 578 maqna
538 521 772 577 frequentia
802 527 990 578 tantoque
1019 535 1199 564 successu
1229 523 1289 564 bis
1317 528 1392 565 aut
1422 528 1482 566 ter
1510 523 1678 566 auditus
1708 528 1781 578 est,
1813 528 1858 565 ut
1887 537 1934 565 ea
1962 537 2119 580 quoque
2147 537 2253 580 quae
2273 525 2418 579 pm'ma

356 595 508 649 fecerat
542 592 752 646 infercio-et
781 595 893 634 novis
922 595 1107 648 scripti&
1150 593 1357 645 quomodo
1396 593 1619 645 quaeritur
1648 596 1693 636 et
1723 592 1839 636 inter
1885 604 1933 635 se
1976 596 2022 635 et
2063 605 2158 636 cum
2201 593 2256 637 iis
2306 605 2418 647 quae

360 665 599 716 sequuntur
628 666 881 716 congruant.
944 662 1074 705 Vitae
1116 667 1280 717 auctor,
1325 675 1420 705 cum
1463 663 1531 706 bis
1572 666 1649 706 aut
1690 666 1760 706 ter
1798 663 1830 706 J
1831 663 2057 705 uvenalem
2092 664 2287 707 auditum
2316 676 2417 708 esse

359 733 478 788 dicit,
511 732 625 776 haud
657 731 785 775 dubie
816 732 977 786 primas
1010 745 1088 775 sex
1120 733 1281 776 satiras
1312 734 1410 777 vult
1439 733 1662 777 recitatas.
1715 733 1934 777 Omissum
1964 732 2100 787 igitur
2130 739 2200 777 est
2229 734 2275 777 in
2305 735 2414 790 vita,

359 808 408 848 ut
450 815 528 847 sex
569 803 668 846 illas
711 802 869 846 satiras
911 803 1076 846 duabus
1113 803 1185 846 vel
1216 803 1355 847 tribus
1386 803 1715 848 recitationibus
1746 804 1886 847 lectas
1927 803 2058 846 etiam
2089 804 2229 848 editas
2260 809 2415 859 postea

360 887 459 920 esse
500 874 683 918 dicatur.
754 874 934 928 Proprie
977 875 1090 918 enim
1122 874 1186 918 sic
1223 875 1307 918 dici
1344 875 1514 919 debuit:
1563 888 1685 930 „mox
1725 887 1886 929 magna
1925 873 2169 928 frequentia
2207 879 2416 929 tantoque

361 958 567 989 successu
589 945 656 988 bis
688 949 765 988 aut
785 949 855 988 ter
884 945 1059 988 auditus
1081 949 1164 1000 est,
1196 949 1246 988 ut
1276 946 1383 1000 [mm
1413 948 1542 989 solum
1572 962 1640 989 sex
1669 948 1834 1000 satiras,
1866 960 1968 1001 quas
1995 949 2243 1000 recitaverat,
2273 948 2414 1002 ederet,

358 1018 427 1060 sed
454 1016 524 1070 ut]
556 1028 609 1058 ea
639 1028 820 1071 quoque,
867 1028 977 1069 quae
1008 1016 1146 1070 prima
1177 1015 1343 1059 fecerat
1373 1016 1596 1060 inferciret
1640 1016 1767 1060 novis
1812 1015 2028 1069 scripti8.“
2094 1016 2204 1059 Eum
2244 1017 2414 1070 quidem

360 1100 533 1131 sensum
563 1089 782 1129 auctorem
812 1087 960 1129 verbis
991 1087 1077 1129 illis
1109 1087 1255 1131 inesse
1286 1087 1476 1130 voluisse
1507 1091 1702 1141 apparet.
1765 1086 1901 1139 Atqui
1940 1086 1993 1128 iis
2032 1099 2126 1129 cum
2157 1087 2305 1131 verbis
2342 1089 2415 1142 qui

360 1157 591 1202 concinunt
621 1170 673 1200 ea
704 1170 813 1211 quae
845 1161 1100 1211 sequuntur:
1150 1162 1271 1212 „erat
1300 1162 1405 1201 tunc
1444 1158 1488 1201 in
1519 1158 1687 1202 deliciis
1729 1158 1853 1200 aulae
1885 1157 1966 1212 (sc.
1999 1158 2174 1214 histrio)
2206 1160 2415 1213 multique

359 1229 572 1273 fautorum
604 1228 696 1272 eius
729 1229 941 1282 quottidie
971 1229 1334 1283 provehebantur.
1366 1229 1489 1273 venit
1519 1243 1624 1284 ergo
1651 1228 1882 1273 Juvenalis
1914 1228 1959 1270 in
1992 1229 2280 1282 suspicionem
2313 1264 2323 1273 .
2357 1264 2367 1274 .
2403 1265 2413 1275 .

359 1314 410 1345 ac
440 1302 577 1344 statim
608 1315 858 1358 quamquam
889 1303 1165 1358 oetoqenare'us
1196 1301 1354 1345 missus
1386 1304 1457 1345 est
1487 1301 1531 1344 in
1562 1304 1800 1345 extremam
1822 1300 2017 1355 Aegypti
2037 1303 2262 1354 partem“P
2305 1302 2415 1346 Eam

358 1372 482 1416 vides
527 1372 753 1426 scriptoris
795 1373 1036 1426 opinionem
1077 1372 1228 1428 fuisse,
1275 1376 1325 1416 ut
1369 1377 1469 1427 post
1508 1373 1669 1417 editam
1713 1372 1942 1426 septimam
1986 1372 2166 1415 satiram
2206 1374 2416 1417 statim

357 1444 388 1487 J
390 1443 615 1486 uvenalem
662 1444 886 1497 expulsum
934 1456 1032 1487 esse
1077 1446 1266 1497 putaret.
1341 1443 1480 1499 Quid?
1528 1444 1566 1487 si
1612 1443 1764 1487 ultima
1810 1443 1930 1486 vitae
1976 1444 2113 1487 verba
2158 1443 2265 1487 haec
2312 1448 2416 1488 sunt

363 1528 537 1570 „verum
569 1518 680 1556 intra
711 1516 988 1556 brevissimum
1019 1521 1174 1570 tempus
1203 1527 1366 1569 angore
1397 1528 1448 1557 ac
1479 1515 1622 1558 taedio
1660 1514 1833 1569 periit“,
1881 1514 1925 1556 in
1972 1513 2101 1556 exilio
2143 1525 2244 1557 num
2287 1518 2417 1568 poeta

359 1585 507 1629 satiris
541 1584 781 1627 scribendis
813 1597 985 1638 operam
1006 1597 1169 1628 navare
1191 1585 1362 1639 potuit?
1409 1584 1587 1640 Quando
1618 1585 1810 1639 reliquae
1841 1585 1942 1628 inde
1973 1597 2000 1628 a
2032 1584 2219 1638 septima
2250 1586 2416 1630 satirae

361 1656 550 1709 scriptae
584 1658 713 1697 sunt?
759 1657 882 1698 Haec
904 1656 1138 1698 difficultas
1160 1669 1242 1710 ego
1263 1669 1347 1699 non
1368 1656 1495 1699 video
1518 1656 1724 1709 quomodo
1746 1655 2063 1709 interpretandi
2093 1660 2189 1698 arte
2221 1656 2417 1709 expediri

360 1726 511 1780 possit.
575 1727 626 1768 In
658 1726 753 1768 vita
784 1738 889 1768 sane
920 1726 1221 1769 Ribbeckiana
1253 1726 1410 1781 (praef.
1443 1727 1510 1769 ed.
1542 1727 1645 1769 Juv.
1678 1739 1778 1781 pag.
1812 1727 1919 1780 XII)
1954 1726 2017 1768 sic
2048 1726 2171 1769 nobis
2204 1727 2415 1771 traditur:

364 1797 572 1851 „inseruit
604 1809 656 1838 ea
688 1797 878 1838 carmina
908 1797 953 1838 in
986 1797 1164 1839 satiram
1195 1797 1295 1852 VII,
1328 1812 1451 1854 quam
1484 1800 1628 1840 iter-um
1661 1798 1837 1839 edebat“.
1901 1796 2038 1851 Quam
2083 1794 2416 1851 explicationem

359 1868 712 1911 absurdissimam
743 1881 841 1910 esse
864 1881 1032 1910 censeo.
1080 1868 1269 1910 Primum
1291 1868 1403 1910 0111111
1424 1869 1635 1909 vocubala
1656 1870 1715 1910 be‘s
1733 1875 1806 1910 aut
1828 1874 1900 1922 ter,
1933 1868 2019 1910 nisi
2039 1869 2095 1910 ad
2116 1868 2416 1911 recitationem

357 1939 604 1993 primariam
656 1951 732 1988 sex
785 1939 1015 1982 satirarum
1066 1938 1311 1994 referimus,
1370 1939 1626 1994 intellegere
1677 1952 1762 1982 non
1820 1952 2048 1992 possumus
2108 1952 2246 1991 neque
2304 1940 2415 1983 alius

359 2010 670 2053 sententiarum
721 2021 856 2053 nexus
909 2022 1007 2053 esse
1058 2013 1205 2063 potest
1250 2023 1301 2054 ac
1353 2023 1478 2064 quem
1525 2023 1606 2065 ego
1654 2010 1777 2054 modo
1825 2010 2042 2055 substitui.
2118 2010 2224 2054 Inde
2271 2015 2414 2054 autem

359 2080 563 2136 efficitur,
611 2084 660 2123 ut
699 2081 729 2123 J
731 2081 929 2123 uvenalis
976 2081 1061 2123 iam
1107 2081 1290 2136 principi
1335 2081 1566 2124 satirarum
1609 2081 1788 2129 editioni
1828 2093 1984 2124 versus
2028 2080 2124 2124 illos
2165 2081 2218 2124 de
2258 2080 2414 2125 Paride

358 2152 601 2193 inseruerit.
663 2152 831 2193 Deinde
863 2152 916 2193 de
937 2152 1077 2194 altera
1108 2153 1162 2194 ab
1194 2152 1289 2205 ipso
1320 2156 1449 2205 poeta
1479 2156 1632 2194 curata
1662 2151 1849 2195 editione
1881 2151 1999 2194 nulla
2029 2164 2083 2194 ex
2125 2154 2250 2204 parte
2292 2151 2412 2204 quid-

360 2235 485 2274 quam
518 2222 829 2276 cognoscimus.
892 2222 1121 2264 Praeclare
1153 2222 1349 2264 nimirum
1382 2235 1453 2264 res
1501 2235 1549 2265 se
1588 2223 1770 2277 habeat,
1816 2223 1853 2264 si
1892 2223 2026 2264 verba
2069 2222 2186 2264 vitae
2232 2222 2295 2264 IV
2342 2226 2412 2275 „in

359 2296 476 2336 exilio
504 2296 717 2349 ampliavit
749 2296 897 2346 satiras
928 2299 963 2335 et
987 2295 1184 2349 pleraque
1214 2297 1407 2336 mutavi?
1435 2294 1505 2335 hic
1526 2293 1672 2335 afferri
1693 2293 1875 2346 possint.
1925 2292 2010 2334 Sed
2031 2304 2083 2334 ea
2104 2292 2200 2344 ipsa
2220 2292 2413 2347 obstant,

360 2364 582 2416 quominus
619 2363 848 2406 Ribbeckii
893 2363 1243 2416 interpretationi
1289 2364 1567 2419 accedamus,
1614 2375 1712 2406 nam
1758 2363 1803 2406 in
1849 2362 2029 2406 exilio
2077 2362 2137 2405 ibi
2158 2387 2164 2394 -
2182 2361 2414 2406 Juvenalis

359 2435 519 2478 satiras
550 2435 783 2488 ampliasse
814 2435 991 2489 dicitur3
1032 2438 1080 2477 ut
1122 2438 1299 2488 propter
1340 2435 1570 2488 ampliores
1609 2431 1771 2477 satiras
1800 2435 1956 2477 iterum
1988 2433 2130 2476 editas
2162 2433 2207 2476 in
2237 2433 2414 2476 exilium

358 2506 474 2548 mitti
512 2518 598 2549 non
629 2506 831 2560 potuerit.
893 2505 1088 2558 Denique
1119 2505 1215 2559 ipsa
1245 2506 1382 2548 verba
1428 2507 1563 2559 „novis
1607 2506 1790 2561 scripti&
1836 2507 2092 2558 argumento
2134 2506 2257 2560 sunt,
2302 2503 2414 2557 quod

358 2576 478 2618 vitae
509 2580 662 2620 auctor
692 2577 745 2619 de
778 2577 926 2619 satiris
957 2577 1110 2619 iterum
1143 2576 1271 2618 editis
1303 2588 1387 2618 non
1419 2575 1652 2630 cogitavit3
1694 2575 1746 2618 de
1779 2575 1932 2632 quibus
1966 2575 2003 2617 si
2036 2574 2298 2630 cogitasset,
2330 2588 2415 2618 non

364 2647 513 2701 „novis
546 2647 765 2702 scriptis“‚
799 2647 876 2690 sed
912 2647 1074 2701 „denuo
1107 2647 1307 2700 scriptis“
1342 2646 1573 2700 posuisset.

501 2716 621 2772 Quae
652 2731 746 2761 cum
777 2717 842 2762 ita
873 2717 980 2774 sint,
1013 2717 1253 2771 quicunque
1284 2717 1420 2760 vitam
1450 2716 1708 2772 composuit,
1752 2717 1791 2759 is
1822 2729 1898 2770 pro
1929 2716 2099 2759 homine
2130 2721 2411 2770 praepostero

359 2787 583 2832 habendus
615 2793 704 2845 est3
747 2802 846 2832 nam
889 2792 989 2843 post
1030 2789 1218 2843 scriptas
1262 2793 1428 2843 septem
1471 2791 1639 2831 tantum
1683 2788 1843 2831 satiras
1874 2787 2134 2830 Juvenalem
2164 2787 2210 2830 in
2240 2787 2414 2830 exilium

360 2857 539 2902 missum
570 2863 616 2904 et
646 2860 763 2904 intra
782 2860 1086 2904 brevissimum
1116 2865 1285 2914 tempus
1317 2860 1378 2904 ibi
1407 2864 1618 2913 mortuum
1649 2873 1748 2903 esse
1778 2859 1905 2902 docet
1935 2858 2043 2901 nihil
2074 2862 2227 2901 curata
2257 2872 2414 2901 novem

359 2929 621 2982 reliquarum
667 2931 897 2974 satirarum
939 2930 1121 2986 origine.
1184 2931 1303 2986 Quae
1336 2931 1529 2975 confusio
1560 2934 1686 2974 tanta
1714 2930 1907 2984 profecto
1939 2933 2027 2984 est,
2059 2928 2136 2972 vix
2165 2932 2215 2972 ut
2244 2930 2300 2972 ab
2330 2942 2415 2973 uno

360 2999 592 3052 eodemque
623 3002 810 3057 homine,
854 3002 1050 3055 quamvis
1094 3002 1227 3045 fuerit
1257 3003 1526 3046 inconsultus
1570 3006 1700 3056 atque
1732 3001 1906 3044 demens
1937 2992 2166 3056 proficisci,
2205 3000 2410 3055 potuerit.

361 3068 571 3122 Quocirca
601 3076 651 3114 ut
680 3073 993 3125 aliquantulum
1023 3074 1316 3116 vetustissimi
1346 3075 1466 3118 vitae
1497 3074 1686 3117 auctoris
1729 3072 1879 3116 honori
1918 3071 2183 3128 patrociner,
2225 3071 2290 3115 sic
2332 3083 2416 3128 ego

360 3139 538 3195 conicio,
570 3145 616 3185 et
647 3144 782 3187 verba
817 3159 1093 3200 „quamquam
1123 3148 1425 3201 octoqenarius“
1462 3148 1507 3188 et
1538 3148 1733 3188 extrema
1762 3144 1838 3187 illa
1870 3158 2034 3199 „verum
2077 3166 2130 3173 —
2166 3145 2315 3200 periit“
2359 3138 2415 3187 ab

360 3209 445 3254 alio
478 3223 561 3264 quo
593 3218 747 3267 postea
777 3214 951 3258 adiecta
981 3228 1098 3271 esse,
1136 3216 1210 3269 qui
1242 3217 1354 3269 quod
1385 3217 1439 3260 de
1470 3216 1554 3260 fine
1583 3215 1813 3259 Juvenalis
1845 3214 1951 3257 nihil
1982 3214 2245 3270 audivisset,
2282 3227 2418 3270 aegre
