2774 3681
1262 308 1551 349 —27-

374 434 723 492 praeposituram
753 434 858 478 belli
877 433 1040 478 Scotici
1070 437 1117 477 et
1145 447 1376 487 numquam
1405 434 1448 477 ei
1467 434 1588 477 dedit
1618 446 1926 489 successorem,
1959 435 2033 486 qui
2063 447 2161 477 eum
2189 436 2433 491 adiuvaret,

375 505 452 551 ubi
471 504 631 550 cotidie
651 503 851 548 incursus
872 503 1096 548 Scotorum
1117 507 1188 547 est
1207 507 1339 557 atque
1358 507 1409 547 ut
1430 503 1565 548 sciret
1583 504 1742 548 iratum
1762 505 2000 558 principem
2020 505 2130 549 dans
2151 505 2193 549 ei
2213 506 2432 550 codicillos

377 576 509 632 dixit,
552 586 654 619 ecce
677 609 687 619 .
711 609 721 618 .
746 575 800 618 .“.
862 574 957 618 Hoc
988 574 1201 630 scholion,
1245 573 1358 627 quod
1393 574 1491 628 ipsa
1525 574 1747 618 latinitate
1778 574 2106 619 recentissimae
2141 575 2303 619 aetatis
2333 584 2433 620 esse

375 645 590 702 arguitur,
608 643 954 700 Synnerbergius
975 657 1053 699 pro
1074 644 1270 699 exemplo
1284 646 1482 688 veterum
1503 645 1793 699 bonorumque
1810 645 2069 689 scholiorum
2089 645 2242 690 habuit
2260 646 2433 691 minime

377 729 549 771 curans,
581 715 695 768 quod
715 715 760 759 in
792 715 1024 759 deterrimo
1047 715 1194 758 codice
1215 718 1262 759 et
1280 715 1397 758 inter
1418 716 1582 759 scholia
1611 717 1797 759 omnium
1816 715 2042 759 levissima
2070 715 2306 772 invenitur,
2337 729 2434 761 cum

378 789 529 830 contra
558 784 790 840 unicuique
820 785 957 839 primo
978 785 1196 828 oculorum
1226 786 1380 828 obtutu
1411 797 1438 828 a
1466 785 1644 829 librario
1665 785 1808 839 aliquo
1840 786 1999 829 notitia
2028 785 2148 831 facta
2177 786 2297 831 vitae
2318 786 2358 831 V
2387 787 2433 832 id

377 856 525 900 infima
545 858 694 898 aetate
726 855 969 899 confectum
989 868 1088 898 esse
1119 860 1333 910 patescat.
1386 856 1506 911 Quae
1527 869 1623 899 cum
1645 857 1709 899 ita
1730 857 1832 912 sint,
1865 857 1929 899 sic
1951 857 2090 900 satius
2121 858 2207 901 erit
2225 858 2432 914 iudicare,

378 939 476 970 sero
515 926 684 968 demum
722 926 1029 980 grammaticos
1067 926 1120 969 de
1152 926 1340 968 Traiano
1384 927 1580 980 cogitare
1617 927 1832 980 coepisse3
1885 939 1967 979 quo
2005 930 2151 970 autem
2180 927 2432 972 remotiores

377 998 528 1038 essent
558 995 612 1037 de
632 995 862 1037 Juvenalis
883 995 979 1037 vita
997 1007 1206 1050 rumoreS,
1238 1008 1289 1037 eo
1309 995 1449 1037 minus
1469 996 1663 1037 homines
1685 1007 1761 1037 eas
1782 1008 1853 1037 res
1876 1008 1984 1048 quas
2013 997 2125 1038 scire
2148 1009 2231 1039 non
2252 1001 2435 1051 possent

377 1079 578 1119 curasse3
630 1079 705 1108 eos
742 1070 906 1121 autem,
948 1066 1021 1118 qui
1056 1079 1134 1119 pro
1173 1066 1353 1108 incertis
1391 1070 1513 1107 certa
1548 1067 1722 1107 tradere
1759 1067 1957 1122 mallent,
2001 1079 2148 1109 omnes
2186 1068 2232 1109 in
2262 1079 2431 1111 errores

375 1136 597 1190 incidisse,
618 1139 668 1178 ut
688 1136 901 1179 Neronem
922 1136 1115 1189 plerique
1136 1136 1256 1178 exilii
1275 1140 1494 1178 auctorem
1515 1137 1798 1191 nominarent,
1820 1138 1944 1179 velut
1963 1138 2060 1190 ipsa
2081 1139 2246 1180 scholia
2264 1143 2431 1181 vetera.

375 1206 499 1251 Haec
529 1218 601 1250 res
632 1205 678 1250 in
709 1219 804 1250 eam
834 1219 902 1250 me
933 1205 1195 1249 sententiam
1225 1204 1426 1262 addun't,
1468 1209 1518 1248 ut
1547 1218 1632 1249 non
1661 1206 1727 1249 ita
1757 1207 1831 1249 diu
1860 1212 1961 1261 post
1990 1208 2221 1252 Juvenalis
2251 1213 2433 1254 mortem

375 1277 492 1322 inter
521 1276 716 1321 homines
747 1276 992 1323 memoriam
1022 1275 1115 1320 eius
1147 1277 1419 1321 obscuratam
1451 1289 1549 1320 esse
1581 1280 1627 1321 et
1656 1277 1784 1331 plane
1815 1279 2047 1323 evanuisse
2077 1279 2277 1324 dicerem.

521 1349 730 1392 Attamen
770 1349 808 1392 si
843 1362 1043 1402 umquam
1079 1349 1180 1392 exul
1216 1348 1300 1392 fuit
1334 1349 1367 1392 J
1367 1348 1587 1403 uvenalis,
1630 1360 1754 1392 nemo
1790 1346 1910 1391 ‘alius
1953 1363 2047 1393 eum
2089 1351 2309 1405 relegavit
2347 1352 2433 1395 nisi

377 1419 605 1464 Traianus.
675 1419 767 1474 Quo
805 1422 1034 1473 perspecto
1071 1419 1357 1480 recentioreS,
1399 1419 1690 1462 Voelckerus:
1741 1418 1952 1474 Juvenal,
1996 1419 2067 1463 ein
2103 1420 2301 1464 Lebens·
2344 1422 2433 1466 und

377 1489 713 1534 Charakterbild
743 1503 821 1532 aus
865 1490 944 1533 der
972 1489 1216 1533 romischen
1246 1489 1509 1545 Kaiserzeit,
1550 1488 1777 1532 Elberfeld
1812 1491 1918 1532 1851
1967 1502 2069 1545 pag.
2106 1491 2213 1546 1053
2244 1491 2432 1546 Synner-

374 1560 553 1615 bergius
584 1561 613 1603 1.
645 1560 673 1603 l.
706 1573 807 1615 pag.
841 1563 897 1602 40
930 1573 1023 1613 sqq.
1057 1559 1111 1603 cf.
1144 1572 1244 1614 pag.
1280 1562 1333 1601 77
1367 1571 1461 1612 sqq.
1502 1563 1634 1612 atque
1678 1559 1808 1602 etiam
1849 1560 2035 1602 antehac
2066 1560 2302 1604 Teuffelius
2341 1562 2371 1605 l.
2403 1562 2431 1605 l.

375 1642 476 1684 pag.
500 1631 601 1685 307,
633 1630 706 1682 qui
736 1633 880 1672 tamen
912 1642 1025 1672 nunc
1056 1632 1317 1672 commutata
1348 1629 1569 1672 sententia
1598 1629 1652 1672 de
1672 1629 1895 1672 Hadriano
1927 1629 2123 1684 cogitare
2143 1631 2324 1687 mavult,
2356 1631 2434 1688 (de

376 1713 458 1752 quo
490 1699 605 1742 infra
624 1700 883 1753 videbimus)
915 1701 1074 1741 multas
1106 1703 1152 1741 et
1184 1700 1328 1741 varias
1361 1712 1541 1741 caussas
1564 1699 1874 1752 quaesiverunt
1905 1703 1951 1741 et
1981 1700 2203 1744 invenisse
2235 1701 2320 1745 sibi
2345 1701 2434 1746 visi

376 1773 491 1825 sunt,
525 1770 678 1822 quibus
702 1770 913 1812 Traianus
943 1759 1225 1824 relegationis
1257 1770 1599 1812 convinceretur.
1652 1769 1763 1811 Sunt
1789 1774 1933 1811 autem
1965 1770 2057 1812 fere
2077 1771 2183 1813 hae:
2217 1772 2432 1815 Traianus

374 1839 701 1896 pantomimum,
733 1839 940 1894 Pyladem
970 1839 1138 1882 nomine
1151 1874 1162 1896 ,
1203 1839 1355 1882 habuit
1385 1843 1431 1882 et
1460 1839 1681 1882 mimorum
1711 1839 2063 1893 populariumque
2094 1840 2431 1885 delectationum

373 1910 504 1953 valde
535 1924 686 1953 amans
718 1914 764 1953 et
796 1910 1015 1952 studiosus
1046 1910 1143 1952 fuit.
1204 1910 1373 1953 Deinde
1393 1922 1558 1963 poenae
1590 1922 1728 1963 genus
1750 1910 1806 1951 ad
1836 1921 1976 1952 mores
1999 1910 2092 1952 eius
2123 1911 2258 1954 multo
2288 1911 2430 1965 magis

378 1983 716 2024 consentaneum
747 1983 829 2036 est,
860 1980 905 2023 in
937 1994 1019 2033 quo
1050 1980 1157 2023 nihil
1187 1980 1305 2023 aliud
1335 1980 1421 2022 nisi
1451 1980 1680 2022 morositas
1712 1979 1920 2032 quaedam
1952 1983 2169 2023 cernatur.
2232 1980 2430 2034 Denique

378 2050 725 2104 Synnerbergius
756 2051 785 2093 1.
817 2051 845 2093 l.
878 2063 978 2104 pag.
1012 2052 1082 2106 80,
1115 2051 1161 2093 C.
1185 2050 1260 2092 Fr.
1283 2051 1555 2092 Hermannus
1587 2049 1641 2091 de
1672 2053 1755 2091 sat.
1778 2053 1889 2102 sept.
1911 2053 2002 2102 tpp.
2024 2062 2125 2104 pag.
2153 2053 2205 2092 19
2237 2051 2429 2094 modicas

379 2134 490 2174 quas
522 2125 654 2164 vocat
683 2122 835 2164 laudes
866 2121 911 2163 in
943 2122 1174 2164 Traianum
1207 2134 1333 2174 quam
1365 2120 1410 2163 in
1439 2120 1720 2175 Hadrianum,
1752 2124 1800 2161 ut
1831 2120 1903 2172 qui
1922 2120 2082 2162 maiore
2112 2121 2240 2164 laude
2270 2122 2429 2176 dignus

377 2194 510 2247 esset,
542 2191 739 2234 conferre
760 2192 1017 2234 maluerunt.
1079 2191 1161 2233 His
1194 2191 1247 2234 de
1279 2190 1447 2234 caussis
1478 2201 1564 2233 una
1594 2201 1647 2232 ea
1677 2201 1803 2243 quam
1824 2190 2003 2243 primam
2034 2190 2163 2234 attuli
2194 2192 2341 2236 nescio
2371 2205 2430 2237 an

375 2261 525 2303 valere
557 2262 721 2314 aliquid
752 2261 935 2314 cuipiam
966 2262 1182 2303 videatur.
1249 2260 1424 2303 Revera
1455 2259 1668 2302 Traianus
1699 2263 1745 2300 et
1773 2258 1967 2301 ludorum
1998 2262 2044 2301 et
2073 2259 2251 2314 Pyladis
2282 2273 2429 2306 aman-

375 2331 572 2373 tissimus
600 2331 698 2386 fuit,
730 2345 773 2373 v.
796 2331 1060 2373 Frontonem
1081 2332 1135 2373 de
1156 2331 1291 2384 princ.
1314 2332 1417 2373 hist.
1442 2334 1481 2385 5,
1509 2334 1575 2372 11.
1603 2333 1654 2371 13
1677 2333 1723 2371 et
1743 2329 1923 2371 Dionem
1945 2329 2141 2371 Cassium
2162 2330 2324 2386 LVDI,
2351 2333 2426 2376 10:

374 2402 441 2437 καὶ
478 2396 573 2444 τούς
614 2397 810 2451 ὀρχησταῖς
850 2400 885 2444 ἐς
921 2397 969 2438 τό
1013 2400 1178 2453 θέατρον
1224 2398 1432 2447 ἐπανήγαγε
1472 2401 1536 2435 καὶ
1576 2395 1648 2450 γάρ
1694 2394 1777 2441 ἑνός
1817 2396 1949 2433 αὐτῶν
1990 2402 2065 2434 τοῦ
2115 2396 2301 2436 Πυλάδου
2351 2398 2430 2453 ἦρα

375 2460 453 2503 sed
492 2464 661 2517 tantum
712 2473 808 2504 eum
859 2461 1059 2504 saltatori
1110 2460 1193 2516 illi,
1256 2462 1464 2513 quantum
1513 2459 1661 2503 Paridi
1711 2472 1787 2502 suo
1822 2457 2136 2514 Domitianum,
2191 2458 2429 2504 indulsisse

374 2531 552 2574 credere
611 2544 696 2574 non
755 2532 872 2575 licet.
961 2532 1083 2585 Ergo
1134 2543 1215 2574 nec
1276 2530 1440 2574 satirae
1495 2533 1606 2584 sept.
1653 2542 1727 2573 vv.
1771 2530 1826 2571 89
1875 2541 1969 2580 sqq.
2025 2528 2079 2570 de
2131 2541 2179 2571 se
2229 2529 2429 2584 accipere

372 2601 536 2656 potuit3
589 2602 701 2654 quod
731 2603 864 2644 multo
895 2602 1036 2655 magis
1067 2602 1162 2644 veri
1193 2601 1473 2643 similitudine
1506 2613 1654 2643 carere
1675 2599 1913 2653 putaveris,
1946 2598 1983 2640 si
2015 2611 2140 2650 quam
2167 2598 2307 2642 falsae
2338 2600 2429 2643 sint

373 2673 547 2714 ceterae
580 2684 688 2724 quas
728 2673 852 2714 modo
883 2671 1012 2714 attuli
1052 2683 1235 2714 caussae
1275 2670 1566 2723 perspexeris,
1628 2669 1753 2712 Unde
1795 2668 1907 2711 enim
1949 2680 2163 2710 morosum
2194 2668 2428 2712 Traianum

372 2738 509 2782 fuisse
548 2742 863 2794 comperimus?
913 2742 1046 2783 Immo
1090 2741 1352 2783 contrarium
1392 2753 1416 2783 e
1458 2740 1682 2783 veteribus
1724 2737 1993 2781 documentis
2036 2737 2191 2780 elucet.
2265 2738 2430 2782 Narrat

372 2809 485 2852 enim
516 2811 600 2854 Dio
633 2812 811 2855 Cassius
843 2812 1050 2867 LXVIII,
1084 2814 1136 2855 5:
1185 2819 1256 2865 ,πῇ
1287 2812 1326 2852 δὲ
1356 2812 1428 2868 γάρ
1450 2813 1564 2862 φύσει
1595 2811 1709 2851 οὐδὲν
1739 2810 1829 2849 οὔτε
1860 2808 2020 2848 διπλοῦν
2051 2808 2142 2849 οὔτε
2171 2808 2305 2849 δόλων
2334 2810 2429 2851 οὔτε

370 2875 497 2929 τραχύ
529 2876 640 2928 εἶχεν,
673 2878 772 2916 α’λλοὶ
797 2878 891 2924 τούς
915 2884 982 2928 μὲν
1006 2878 1186 2927 ἀγαθούς
1210 2877 1327 2925 iotha
1356 2881 1421 2915 καὶ
1449 2876 1644 2929 ἐδεξιοῦτο
1675 2880 1739 2913 καὶ
1762 2878 1885 2923 ἐτίμα,
1916 2877 1991 2911 τῶν
2020 2872 2059 2911 δὲ
2089 2873 2214 2911 ἄλλων
2240 2874 2369 2924 iustu
2391 2882 2430 2913 et

370 2936 459 2972 ibid.
485 2938 523 2974 6:
562 2937 733 2976 πλεῖστον
762 2936 836 2990 γάρ
858 2940 918 2975 ἐπί
939 2951 978 2975 τι
1003 2935 1225 2980 δικαιότητι
1247 2940 1314 2973 καὶ
1335 2936 1388 2973 s'n'
1412 2933 1565 2988 ἀνδρεία
1589 2941 1639 2985 τῇ
1662 2947 1702 2972 τι
1725 2932 1916 2975 ἁπλότητι
1939 2938 2015 2969 τῶν
2039 2932 2148 2974 ἠθῶν
2172 2930 2349 2985 διέπρεπε.
2371 2939 2431 2984 τᾷ

371 2992 409 3030 δὲ
433 2990 508 3047 γάρ
538 2994 687 3043 σώματι
711 2996 862 3049 ἔρρωτο,
892 2992 1066 3047 δεύτερον
1098 2991 1171 3046 γάρ
1199 2995 1264 3030 καὶ
1292 2990 1598 3045 τισσαρακοστόν
1629 2992 1713 3037 ἔτος
1744 2989 1845 3038 ἄγων
1876 2991 1997 3043 ηρξεν,
2028 2989 2078 3034 εἰς
2107 2990 2145 3040 ἐξ
2178 2991 2267 3028 ἴσου
2299 2989 2430 3030 πάντα

370 3057 451 3096 τοῖς
475 3051 606 3097 ἄλλοις
636 3052 782 3105 τρόπον
804 3051 894 3090 τινά
918 3052 1116 3090 πονεῖσθαι
1140 3054 1206 3088 καὶ
1234 3056 1283 3102 τῇ
1307 3056 1420 3101 ψυχῇ
1448 3047 1616 3099 ἢκμαζεν
1641 3046 1734 3088 ὥστε
1758 3047 1849 3097 μήθ’
1867 3047 1946 3085 ὑπό
1970 3047 2151 3093 νεότητος
2173 3048 2432 3102 &gadundam

369 3107 463 3155 μήθ’
487 3108 566 3146 ὑπό
593 3114 704 3162 γέρως
729 3109 978 3158 ἀμβλύνεᾶαι.
1002 3114 1068 3145 καὶ
1091 3109 1174 3146 οὐτ’
1199 3109 1357 3155 ἐφθόνει
1382 3107 1474 3145 οὔτε
1503 3108 1662 3160 καθῄρει
1684 3107 1786 3154 τινα,
1819 3105 1919 3142 α’λλοί
1942 3110 2007 3142 καὶ
2032 3105 2135 3141 πάνυ
2165 3107 2313 3151 πάντας
2336 3106 2432 3151 τούς

2093 3177 2143 3211 4*
