2774 3681
1261 251 1521 290 -6>-

354 378 525 433 satiris,
566 377 645 430 sed
683 390 737 420 ne
778 376 832 420 de
873 377 1116 421 scribendis
1158 378 1328 431 quidem
1370 369 1648 432 cogitav‘itJ)
1716 375 1972 419 Nominatur
2008 380 2153 420 autem
2187 378 2219 421 J
2220 378 2417 422 uvenalis

354 449 536 503 primum
557 448 673 501 apud
692 448 965 491 Ammianum
986 448 1285 491 Marcellinum
1318 449 1371 502 (c.
1396 450 1482 491 390
1503 460 1543 501 p.
1567 446 1689 502 Chr.)
1722 450 1768 489 et
1789 446 1851 489 Cl.
1884 445 2094 490 Rutilium
2115 448 2418 493 Namatianum

313 550 315 552 -
355 521 420 576 (c.-
447 519 532 564 4⁵16
571 534 612 574 p.
646 519 789 575 Chr.);
830 532 986 562 versus
1032 531 1086 562 ex
1127 520 1276 562 satiris
1322 519 1414 562 eius
1457 518 1581 561 citati
1622 518 1803 571 primum
1842 518 1886 560 in
1928 517 2070 561 Servii
2113 520 2416 564 commentario

352 590 608 648 Vergiliano
639 594 884 640 occurrunt.
947 592 1012 634 Ac
1042 603 1097 634 ne
1130 591 1225 644 quis
1258 590 1451 646 miretur,
1485 590 1597 643 quod
1624 589 1855 633 ,Iuvenalis
1887 602 1972 633 non
2005 591 2156 634 statim
2188 605 2341 635 nomen
2373 596 2418 635 et

354 662 655 711 celebritatem
695 662 881 716 adeptus
921 666 1003 705 est.
1080 662 1189 704 Nam
1233 674 1317 714 qua
1357 661 1717 715 divulgandorum
1759 661 1963 703 librorum
2010 662 2178 705 ratione
2220 667 2310 706 tum
2354 663 2418 705 uti

354 737 694 790 consueverant,
736 745 828 776 eam
871 732 1085 776 mehercle
1114 732 1145 776 J
1147 732 1344 776 uvenalis
1387 731 1647 786 repudiavit.
1723 731 1842 786 Quae
1881 731 1992 775 ratio
2031 733 2171 785 qualis
2209 732 2342 777 fuerit
2373 738 2418 776 et

355 805 508 858 quanti
538 817 567 848 a
596 809 727 859 poeta
756 804 1011 859 aestimata,
1052 816 1105 846 ex
1139 803 1277 846 satira
1307 803 1445 857 prima
1475 808 1671 857 apparet.
1730 803 1890 846 Irridet
1921 802 1981 847 ibi
2001 802 2033 846 J
2034 804 2233 847 uvenalis
2264 809 2416 858 poetas

354 876 400 920 in
439 876 679 930 porticibus
723 875 1031 917 Frontonianis
1076 874 1328 917 recitantes.
1391 874 1453 917 Et
1496 874 1575 916 hoc
1618 873 1935 917 observandum
1981 878 2063 917 est.
2126 873 2417 929 Quodcunque

356 953 447 989 tum
478 946 581 989 novi
614 949 913 997 composuerat
943 949 1107 999 auctor,
1142 945 1180 986 si
1211 945 1255 987 in
1287 957 1554 987 communem
1575 944 1790 986 hominum
1821 943 2020 987 notitiam
2052 944 2197 989 efferri
2227 946 2416 1001 volebat,

355 1030 537 1060 necesse
558 1019 654 1059 erat
674 1015 718 1057 id
735 1015 1028 1058 celeberrimis
1050 1015 1502 1068 frequentissimisque
1523 1016 1630 1057 locis
1652 1015 1872 1058 recitaret.
1907 1014 2042 1069 Quam
2065 1016 2416 1061 consuetudinem

356 1087 553 1140 quoniam
591 1086 760 1140 respuit
788 1086 909 1140 JuV.,
955 1087 1118 1128 satirae
1149 1087 1243 1128 eius
1275 1086 1361 1128 nisi
1393 1086 1554 1129 sensim
1592 1090 1637 1127 et
1667 1086 1941 1138 pededentim
1978 1086 2301 1129 increbrescere
2334 1099 2417 1129 non

353 1161 599 1211 potuerunt.
662 1156 764 1199 Etsi
794 1169 900 1199 vero
945 1157 1107 1199 satirae
1139 1158 1193 1199 ab
1234 1156 1385 1199 amicis
1418 1161 1463 1199 et
1494 1157 1567 1212 iis,
1613 1156 1685 1209 qui
1728 1156 1841 1198 idem
1885 1156 1998 1209 quod
2039 1156 2112 1199 ille
2155 1156 2416 1213 sentiebant,

353 1228 606 1282 divulgatae
637 1240 723 1270 non
754 1226 818 1270 ita
847 1227 973 1269 tarde
1003 1227 1092 1280 legi
1121 1231 1300 1279 coeptae
1333 1227 1436 1281 sint,
1469 1232 1614 1269 tamen
1646 1239 1774 1268 unum
1806 1231 1889 1281 est,
1923 1239 2004 1279 quo
2026 1227 2133 1269 nihil
2166 1227 2250 1269 dici
2271 1230 2418 1280 potest

353 1298 529 1355 certius,
562 1310 647 1342 non
669 1297 871 1341 continuo
902 1301 1117 1341 tractatas
1140 1311 1215 1341 eas
1247 1311 1344 1342 esse
1376 1311 1402 1341 a
1434 1298 1740 1353 grammaticis.
1794 1298 1844 1340 Id
1866 1303 1914 1340 ut
1946 1298 2246 1350 comprobetur
2266 1298 2416 1351 paucis

351 1370 501 1414 verbis
532 1382 639 1423 opus
671 1369 769 1412 erit.

495 1441 564 1483 Ab
596 1440 819 1483 Hadriano
851 1440 1009 1482 scimus
1043 1441 1214 1482 scholas
1247 1440 1474 1483 institutas
1507 1452 1605 1482 esse
1637 1440 1852 1494 publicas,
1893 1440 2009 1483 illam
2042 1440 2270 1494 imprimiS,
2305 1440 2416 1492 quod

354 1512 624 1553 Athenaeum
655 1511 968 1564 appellabatur.
1032 1510 1197 1564 Quibus
1231 1510 1391 1553 scholis
1425 1510 1497 1563 qui
1529 1510 1760 1553 commodis
1793 1510 2083 1563 praemiisque
2116 1511 2170 1554 ab
2194 1510 2415 1554 Hadriano

352 1582 586 1634 propositis
630 1584 882 1635 praeerant,
923 1581 978 1622 ad
1016 1593 1144 1622 unum
1186 1593 1332 1622 omnes
1366 1580 1649 1635 Frontonem,
1695 1581 2023 1634 grammaticum
2054 1581 2173 1624 illum
2205 1581 2415 1624 insulsum

352 1665 565 1694 morosum
604 1651 832 1705 minutum,
877 1650 1004 1693 nimis
1047 1650 1241 1693 studiose
1274 1652 1569 1693 sectabantur.
1633 1652 1785 1703 Itaque
1829 1664 1924 1694 cum
1955 1656 2133 1695 vetusta
2171 1656 2338 1695 tantum
2371 1656 2416 1694 et

351 1723 548 1766 obsoleta
577 1723 857 1777 mirarentur,
899 1721 1245 1764 recentissimum
1277 1722 1462 1775 quidque
1495 1722 1722 1765 fastidiose
1755 1724 2032 1776 spernebant.
2096 1723 2220 1767 Unde
2254 1723 2414 1766 factum

350 1800 434 1850 est,
466 1800 515 1837 ut
543 1807 628 1837 uno
659 1794 842 1836 maxime
865 1794 1186 1836 delectarentur
1217 1794 1381 1836 Catone
1403 1798 1461 1848 et,
1496 1794 1533 1835 si
1556 1806 1808 1846 quemquam
1841 1807 1893 1836 ex
1914 1794 2244 1850 recentioribuS,
2278 1795 2413 1837 solum

351 1866 605 1915 Sallustium
645 1869 721 1908 aut
752 1864 1002 1907 Lucretium
1044 1877 1169 1916 quem
1200 1864 1399 1917 legerent
1443 1870 1487 1906 et
1531 1865 1924 1917 interpretarentur
1969 1865 2146 1919 dignum
2188 1865 2412 1918 haberent,

350 1941 400 1979 ut
432 1937 505 1989 qui
547 1936 633 1989 ipsi
664 1939 830 1977 remota
870 1939 916 1976 et
952 1934 1175 1976 recondita
1217 1935 1378 1977 acriter
1418 1938 1688 1988 appeterent.
1763 1935 1823 1976 At
1861 1935 2120 1978 Juvenalem
2162 1935 2411 1977 omiserunt.

351 2007 397 2051 Si
428 2007 578 2062 igitur,
610 2010 659 2048 ut
690 2018 870 2049 necesse
903 2009 985 2059 est,
1020 2005 1313 2059 statuerimus,
1348 2018 1461 2047 saec.
1485 2006 1529 2046 Π
1551 2010 1596 2047 et
1618 2006 1684 2047 III
1706 2006 1936 2047 Juvenalis
1971 2006 2131 2047 satiras
2153 2019 2179 2047 a
2201 2019 2411 2059 gramma-

351 2077 451 2119 ticis
483 2077 710 2130 neglectas
753 2075 868 2118 inter
904 2087 978 2117 eos
1019 2074 1332 2129 tantummodo,
1377 2075 1448 2127 qui
1493 2075 1666 2128 legendi
1699 2076 1923 2128 voluptate
1968 2080 2239 2129 tenerentur,
2285 2081 2412 2117 notas

350 2147 501 2202 fuisse,
533 2158 646 2189 nunc
676 2149 910 2200 patescunt
941 2144 1164 2201 quaedam,
1198 2158 1307 2198 quae
1339 2144 1542 2188 facillime
1574 2158 1625 2188 ac
1648 2145 1731 2188 rite
1764 2146 1956 2198 expediri
1988 2146 2171 2198 possint.
2225 2146 2412 2188 Primum

350 2219 476 2274 enim,
509 2229 619 2278 quae
650 2216 954 2270 antiquissima
984 2215 1169 2260 omnium
1201 2215 1365 2259 scholia
1396 2220 1593 2272 exstant,
1642 2230 1695 2260 ea
1725 2216 1799 2260 illo
1831 2221 2022 2270 tempore
2067 2222 2162 2260 orta
2206 2230 2304 2260 esse
2336 2230 2409 2269 pu-

349 2290 546 2331 taverim.
609 2289 719 2330 Nam
749 2288 938 2342 ipsorum
971 2287 1228 2330 scholiorum
1259 2287 1530 2341 antiquorum
1563 2299 1646 2331 nou
1679 2298 1773 2332 eam
1805 2299 1903 2331 esse
1935 2287 2244 2343 conditionem,
2278 2293 2326 2330 ut
2358 2301 2410 2330 ex

348 2361 474 2402 unius
506 2359 690 2401 hominis
722 2358 840 2400 docti
870 2358 1044 2413 ingenio
1075 2358 1147 2400 vel
1190 2370 1273 2401 uno
1306 2357 1447 2401 omnia
1490 2362 1682 2412 tempore
1714 2358 1816 2402 oriri
1855 2358 2093 2415 potuerint,
2140 2358 2176 2403 si
2209 2358 2305 2412 quis
2337 2357 2407 2401 vel

348 2431 490 2472 obiter
519 2430 780 2483 inspexerit,
823 2442 900 2482 pro
932 2430 1155 2482 explorato
1186 2430 1377 2471 habebit.
1388 2430 1451 2484 **)
1522 2430 1658 2484 Quam
1702 2430 1755 2472 ob
1802 2441 1891 2472 rem
1942 2429 2004 2473 sic
2048 2430 2178 2473 velim
2226 2433 2411 2484 statuas,

346 2502 392 2544 H
422 2507 500 2544 aut
529 2502 598 2544 III
630 2513 745 2543 saec.
778 2501 990 2542 hominem
1021 2500 1208 2552 aliquem
1238 2501 1414 2554 legendi
1445 2501 1716 2553 potissimum
1749 2500 2006 2556 studiosum,
2051 2514 2133 2544 non
2176 2513 2293 2556 eum,
2340 2500 2413 2553 qui

489 2606 523 2649 ⁸¹)
548 2606 717 2641 Fortasse
741 2605 900 2640 Turnum
926 2604 1189 2647 Quinctilianus
1214 2604 1413 2650 intellexit,
1446 2615 1550 2649 quem
1575 2604 1750 2641 illustrem
1776 2610 1918 2650 poetam
1953 2605 2060 2642 fuisse
2087 2606 2138 2643 Cl.
2164 2606 2250 2641 Rut.
2277 2605 2409 2640 Nama-

347 2665 468 2700 tianus
492 2670 652 2700 testatur
676 2665 706 2708 I,
733 2668 820 2708 603,
851 2665 1006 2699 fortasse
1031 2674 1152 2699 omnes
1176 2664 1273 2708 illos,
1309 2664 1369 2707 qui
1395 2664 1501 2699 schol.
1527 2668 1594 2699 sat.
1621 2664 1655 2708 Ι,
1689 2667 1734 2698 20
1759 2664 1854 2708 apud
1879 2664 2021 2700 Vallam
2046 2665 2097 2708 (in
2122 2664 2221 2700 codd.
2247 2664 2287 2700 P.
2315 2668 2351 2698 et
2378 2663 2411 2698 S.

349 2723 507 2760 scholion
532 2723 621 2759 illud
647 2724 762 2766 deest)
787 2724 1026 2758 nominantur.
1076 2723 1245 2768 Legimus
1277 2722 1342 2757 ibi:
1384 2723 1479 2766 „vel,
1514 2728 1556 2757 ut
1588 2723 1725 2757 Probus
1757 2724 1919 2767 exponit,
1954 2724 2114 2758 Turnum
2146 2723 2251 2766 dicit,
2286 2722 2412 2756 Scaevi

347 2782 514 2817 Remoris
539 2781 671 2828 tragici
696 2787 835 2827 poetae,
860 2781 1021 2819 fratrem.
1072 2781 1213 2817 Turnus
1239 2781 1296 2816 hic
1320 2781 1481 2816 libertini
1507 2781 1651 2826 generis
1676 2781 1722 2816 ad
1748 2781 1894 2817 honores
1925 2789 2114 2826 provectus
2145 2789 2200 2817 est
2225 2787 2351 2825 potens
2376 2781 2412 2815 in

348 2842 432 2877 aula
456 2841 757 2887 Vespasianorum
783 2841 858 2876 'riti
883 2846 922 2876 et
948 2841 1155 2885 Domitiani,
1181 2841 1239 2877 vel
1264 2840 1414 2877 Lenium
1439 2840 1544 2886 dicit,
1581 2840 1665 2885 quia
1696 2841 1784 2886 [qui]
1815 2845 1853 2878 et
1883 2841 1958 2887 ipse
1991 2846 2132 2886 satyras
2161 2840 2320 2886 scripsit,
2356 2839 2411 2876 vel

346 2901 476 2936 Silium
502 2908 540 2936 et
564 2902 680 2945 ipsum
705 2901 760 2936 sui
785 2901 956 2945 temporis
980 2902 1193 2945 satyricum,
1219 2901 1279 2944 qui
1305 2910 1441 2945 omneS,
1473 2905 1514 2935 ut
1539 2900 1676 2935 Probus
1701 2901 1829 2945 refert,
1863 2911 1908 2937 ex
1933 2900 2101 2938 Aurunca
2125 2900 2305 2937 fuerunt.“
2358 2899 2411 2935 De

346 2959 517 2997 Petronio
543 2972 679 3005 quoque
696 2961 844 2997 Arbitro
869 2961 1030 3005 cogitare
1055 2961 1192 3003 liceret,
1218 2961 1260 3003 si,
1287 2960 1426 3004 quando
1451 2961 1614 3002 vixisset,
1640 2971 1702 3004 pro
1728 2966 1825 2995 certo
1850 2961 1981 2995 habere
2007 2971 2197 3005 possemus.

492 3020 546 3066 **)
572 3020 617 3056 ef.
635 3020 777 3057 Ernest.
796 3019 986 3057 Matthias:
1014 3019 1057 3056 de
1083 3019 1223 3056 scholiis
1240 3019 1499 3057 Juvenalianis.
1542 3020 1623 3055 Hal.
1646 3024 1746 3063 1875,
1773 3021 1832 3064 qui
1860 3026 1979 3056 tamen
2006 3021 2041 3055 iu
2068 3031 2108 3055 eo
2135 3019 2282 3063 erravit,
2310 3020 2401 3062 quod

345 3079 419 3117 iam
436 3081 589 3117 secundo
606 3091 639 3126 p.
659 3079 740 3115 Chr.
759 3079 900 3115 saeculo
921 3085 1106 3123 „veterum
1124 3079 1439 3124 grammaticorum
1459 3079 1495 3115 in
1514 3079 1535 3114 J
1539 3091 1595 3115 nv.
1619 3080 1910 3115 commentarios“
1940 3080 2124 3115 exstitisse
2142 3079 2231 3114 dicit
2247 3081 2345 3123 (pag.
2365 3081 2410 3121 7).
