2774 3681
1236 262 1524 303 „16-

346 386 578 442 erraverit,
610 397 707 429 cum
737 398 947 431 nonnemo
978 387 1171 431 virorum
1203 388 1424 432 doctorum
1454 392 1500 432 et
1530 400 1676 433 eorum
1707 389 1892 447 quidem,
1926 403 2033 445 quos
2064 393 2189 439 modo
2219 394 2408 452 laudavi,

346 457 710 514 comprobaverit,
741 461 834 501 tum
865 470 1145 512 quaecunque
1175 472 1313 513 usque
1344 459 1484 502 adhuc
1514 471 1542 502 a
1571 472 1638 503 me
1670 460 1896 514 disputata
1926 465 2030 506 sunt
2059 465 2317 522 ostendunt,
2361 468 2410 509 ut

346 538 447 572 non*
464 528 551 571 iam
580 527 774 572 refutato
805 541 857 572 eo
888 541 994 583 opus
1028 529 1100 572 sit.
1162 530 1308 584 Atque
1340 531 1396 574 ad
1427 542 1633 573 summam
1663 530 1941 575 manifestum
1972 532 2058 576 iam
2089 538 2135 579 et
2166 536 2410 580 confessum

290 621 293 624 ⁴
350 611 471 643 esse
494 599 647 654 credo,
687 599 825 642 vitam
869 599 892 642 I
934 612 1011 653 pro
1055 601 1270 643 communi
1309 601 1493 643 omnium
1532 601 1653 643 fonte
1693 601 1935 645 habendam
1977 615 2077 647 esse
2117 605 2183 660 (v.
2215 619 2316 661 pag.
2350 607 2408 661 5).

347 668 468 723 Quae
506 668 714 721 quomodo
751 672 850 712 orta
890 669 950 711 sit
986 681 1080 711 cum
1118 670 1357 722 quamlibet
1399 670 1695 723 quaestionem
1734 675 1938 714 versatus
1983 673 2325 719 confirmaverim
2363 679 2410 719 et

347 738 566 783 sanxerim
579 773 591 794 ,
636 737 731 782 fore
774 751 925 795 spero,
968 742 1019 782 ut
1056 738 1165 782 nihil
1207 739 1435 783 admodum
1464 740 1739 784 auctoritatis
1771 753 1910 795 neque
1953 742 2038 797 ipsi
2069 744 2190 789 vitae
2220 746 2408 790 Pseudo-

347 810 630 854 suetonianae
660 822 741 854 nec
774 810 934 854 ceteris
965 810 1071 853 vitis
1102 823 1157 853 ex
1189 824 1242 854 ea
1273 811 1415 854 ductis
1447 811 1720 854 tribuendum
1751 824 1850 855 esse
1882 813 2157 858 concedatur.
2192 841 2245 847 —

489 879 603 937 Quid
631 879 770 937 igitur
800 880 854 925 de
886 880 1044 925 exilio?
1085 881 1268 926 Licetne
1291 882 1517 927 diffidere?
1558 883 1792 927 Enimvero
1818 883 1934 928 licet.
1982 884 2275 941 Quodcunque
2296 889 2409 932 enim

346 952 400 996 de
424 952 562 996 'exilio
592 957 797 997 narratur
826 953 942 996 haud
973 965 1099 996 secus
1131 965 1183 995 ac
1214 954 1383 1007 reliqua
1413 955 1507 997 vita
1537 954 1582 997 in
1613 954 1871 998 coniecturis
1904 955 2091 1008 positum
2123 961 2206 1000 est.
2270 959 2406 1013 Atqui

335 1017 430 1069 ⁴hoc
459 1037 590 1068 unum
610 1024 798 1067 maxime
819 1027 890 1067 est
909 1023 1155 1078 tenendum,
1188 1023 1308 1067 exilii
1328 1036 1540 1077 nusquam
1560 1024 1645 1068 nisi
1665 1025 1711 1068 in
1731 1024 1837 1068 vitis
1859 1029 1904 1068 et
1926 1030 2131 1078 quattuor
2151 1028 2409 1072 scholiorum

343 1095 452 1139 locis
494 1094 758 1138 mentionem
796 1093 903 1137 fieri.
966 1092 1026 1135 At
1067 1096 1247 1136 exstant
1289 1094 1404 1148 apud
1435 1094 1727 1148 Apollinarem
1774 1094 1994 1139 Sidonium
2039 1096 2105 1140 IX
2149 1099 2234 1140 272
2278 1100 2406 1153 pauci

343 1179 522 1222 versus,
565 1166 611 1209 in
641 1166 798 1219 quibus
837 1165 954 1207 nullo
985 1164 1154 1206 nomine
1194 1164 1328 1206 allato
1372 1165 1426 1207 de
1463 1165 1612 1219 „exule
1642 1165 1892 1208 histrionis“
1935 1166 2118 1219 quodam
2150 1180 2289 1212 sermo
2322 1173 2405 1225 est,

345 1250 472 1291 quem
503 1249 603 1279 esse
633 1236 894 1279 Juvenalem
924 1235 1039 1277 inter
1068 1235 1160 1276 VV.
1193 1235 1289 1276 DD.
1322 1238 1509 1278 constat.
1572 1236 1637 1278 De
1669 1247 1719 1279 eo
1751 1236 1843 1279 loco
1881 1248 2062 1280 necesse
2103 1227 2176 1280 ¹est
2212 1239 2407 1282 breviter

345 1308 577 1362 disputem.
641 1307 827 1362 Legitur
856 1305 970 1359 apud.
1002 1305 1221 1348 Sidonium
1251 1305 1332 1361 IX,
1366 1308 1472 1349 272:

1033 1375 1111 1411 Non
1136 1375 1196 1420 qui
1222 1380 1383 1421 tempore
1410 1376 1573 1411 Caesaris
1597 1377 1742 1412 secundi

1032 1435 1189 1470 Aeterno
1214 1434 1366 1470 incoluit
1390 1439 1507 1478 reatu,

1033 1493 1107 1529 Nec
1132 1493 1194 1538 qui
1219 1493 1394 1529 consimili
1420 1494 1549 1529 deinde
1574 1505 1657 1530 casu

1032 1552 1089 1588 Ad
1114 1552 1215 1597 vulgi
1241 1556 1386 1588 tenuem
1410 1553 1606 1597 strepentis
1631 1564 1753 1589 auram

1031 1611 1123 1647 Irati
1147 1611 1217 1647 fuit
1243 1611 1427 1648 histrionis
1451 1613 1547 1647 exul.

341 1673 410 1717 De
429 1673 646 1717 Juvenale
677 1684 728 1716 eo
758 1672 852 1715 loco
880 1671 1099 1715 Sidonium
1131 1670 1352 1726 cogitasse
1384 1671 1500 1714 haud
1523 1671 1632 1714 satis
1664 1676 1827 1715 certum
1858 1677 1940 1716 est.
2003 1673 2101 1727 Ego
2122 1673 2314 1716 nonnihil
2335 1686 2402 1717 me

343 1744 500 1789 offendi
520 1744 676 1799 fateor,
709 1743 821 1796 quod
841 1743 945 1786 Juv.
968 1742 1194 1785 histrionis
1222 1742 1321 1785 exul
1352 1741 1490 1785 fuisse
1522 1742 1681 1785 dicitur
1715 1743 1795 1797 „ad
1826 1743 1948 1797 vulgi
1969 1747 2142 1787 tenuem
2165 1744 2401 1797 strepentis

342 1816 535 1858 auram“.
612 1814 766 1856 Plures
819 1825 965 1856 eorum
1014 1814 1244 1855 verborum
1301 1813 1614 1866 explicationes
1661 1813 1844 1867 cogitari
1893 1818 2089 1867 possunt.
2167 1813 2245 1857 Vis
2289 1813 2402 1857 enim

341 1885 678 1940 praepositionis
715 1884 820 1938 „ad“
857 1884 1156 1926 diversissimo
1193 1884 1317 1926 modo
1354 1884 1568 1939 intellegi,
1606 1884 1879 1937 participium
1915 1885 2203 1937 „strepentis“
2239 1888 2315 1927 aut
2345 1884 2401 1927 ad

346 1955 520 2012 „vulgi“
556 1959 633 1998 aut
652 1955 709 1998 ad
734 1954 1009 2009 „histrionis“
1035 1954 1188 1997 referri
1209 1958 1375 2009 potest;
1408 1967 1494 1997 vox
1515 1956 1711 2008 „auram“
1738 1966 1832 1996 cum
1853 1954 1966 1997 idem
1988 1955 2101 2007 quod
2122 1954 2295 2009 „favor“
2323 1955 2398 2010 (cf.

341 2039 449 2071 aura
478 2026 716 2079 popularis)
740 2025 974 2079 significat,
1006 2028 1098 2066 tum
1129 2037 1180 2067 eo
1211 2038 1293 2077 quo
1315 2025 1573 2067 vocabulum
1599 2027 1850 2078 „susurrus“
1877 2037 2008 2067 sensu
2029 2024 2282 2078 explicatur.
2316 2024 2401 2067 Sed

341 2101 392 2141 ut
431 2098 609 2152 longum
650 2096 715 2139 ita
758 2108 1128 2149 supervacaneum
1169 2099 1238 2138 est
1278 2109 1425 2138 omnes
1467 2109 1577 2149 quae
1618 2095 1723 2150 fingi
1763 2100 1945 2150 possunt
1985 2096 2298 2149 explicationes
2331 2096 2400 2138 hic

342 2180 609 2223 enumerare,
649 2180 827 2221 quarum
858 2167 947 2210 alia
977 2167 1108 2210 alium
1139 2165 1270 2210 efficit
1302 2180 1489 2210 sensum.
1558 2169 1764 2210 Attamen
1803 2168 1911 2210 satis
1950 2168 2053 2210 mihi
2085 2180 2229 2210 eorum
2261 2167 2402 2220 opinio

340 2239 500 2294 placet,
523 2238 597 2292 qui
611 2238 642 2282 J
643 2238 870 2282 uvenalem
891 2238 961 2281 hic
983 2238 1260 2292 designatum
1282 2250 1380 2280 esse
1397 2237 1624 2280 affirmant.
1658 2238 1801 2281 Verba
1817 2241 1961 2281 autem
1977 2238 2052 2281 illa
2069 2237 2132 2281 sic
2146 2237 2402 2281 Germanice

340 2309 648 2354 transferenda
690 2322 788 2353 esse
829 2322 999 2365 censeo,
1041 2309 1231 2352 welcher
1268 2309 1366 2363 (auf
1398 2309 1490 2363 hin)
1529 2320 1685 2363 wegen
1723 2309 1796 2364 (de
1834 2309 2154 2363 praepositione
2196 2309 2301 2363 „ad“
2338 2309 2402 2352 ita

338 2384 551 2434 usurpata
595 2393 639 2423 v.
682 2380 813 2423 Hand
864 2380 1048 2422 Tursell.
1087 2380 1109 2421 I
1138 2392 1239 2434 pag.
1280 2380 1353 2434 97)
1396 2379 1474 2421 der
1520 2378 1782 2433 armseligen
1828 2379 1973 2423 Gunst
2024 2379 2101 2423 des
2149 2378 2400 2423 larmenden

338 2452 504 2495 Volkes
548 2485 557 2494 .
608 2485 616 2494 .
660 2484 670 2495 .
717 2454 767 2494 ut
805 2451 844 2494 is
889 2464 1015 2504 quem
1057 2450 1194 2493 fuisse
1234 2450 1378 2493 ferant
1420 2451 1651 2493 satirarum
1695 2463 1922 2493 successus
1967 2451 2040 2505 (cf.
2075 2464 2184 2504 quae
2215 2451 2260 2494 in
2294 2451 2399 2494 vitis

343 2525 447 2567 sunt
492 2524 728 2577 „tantoque
770 2534 976 2565 successu
1017 2521 1190 2564 auditus
1232 2523 1348 2576 est“)
1391 2522 1461 2564 hic
1509 2521 1789 2575 significetur.
1851 2521 1964 2575 Quid
2015 2524 2148 2576 ergo?
2214 2522 2400 2577 Synner-

339 2593 491 2649 bergio
522 2606 590 2637 me
622 2592 840 2637 assentire
871 2595 1055 2648 oportet,
1088 2592 1161 2645 qui
1190 2592 1219 2635 1.
1252 2593 1280 2635 l.
1314 2605 1414 2648 pag.
1448 2595 1503 2635 44
1535 2592 1648 2635 hunc
1674 2592 1938 2645 Apollinaris
1974 2593 2113 2636 locum
2144 2598 2398 2649 argumento

338 2677 438 2709 esse
470 2664 720 2721 contendat,
753 2677 829 2708 cur
850 2663 1006 2708 famam
1029 2664 1081 2707 de
1103 2664 1298 2719 relegato
1320 2667 1450 2718 poeta
1470 2663 1814 2716 antiquissimam
1836 2664 1979 2708 dicere
2001 2664 2161 2708 liceat?
2207 2664 2396 2708 Minime.

337 2735 448 2780 Nam
477 2735 745 2790 Apollinaris
778 2735 979 2779 Sidonius
1016 2739 1209 2778 mortuus
1248 2739 1318 2778 est
1348 2748 1387 2778 a.
1421 2737 1521 2778 484.
1553 2748 1595 2789 p.
1629 2734 1748 2790 Chr.;
1789 2735 1863 2779 illo
1900 2738 2046 2779 autem
2076 2738 2270 2789 tempore
2302 2748 2397 2778 cum

336 2807 458 2850 vitae
476 2802 650 2868 “iamdiu
692 2809 921 2849 exstarent
951 2809 1042 2847 tum
1080 2805 1227 2848 fabula
1257 2806 1334 2848 illa
1365 2806 1418 2848 de
1449 2806 1481 2848 J
1482 2806 1680 2848 uvenalis
1713 2806 1841 2849 exilio
1879 2806 1986 2849 adeo
2019 2805 2112 2849 sine
2143 2805 2270 2848 dubio
2301 2818 2396 2860 per-

336 2877 522 2934 vulgata
552 2881 663 2934 erat,
694 2881 745 2921 ut
765 2876 1026 2932 praesertim
1057 2876 1130 2930 qui
1160 2877 1401 2920 rhetoricas
1429 2877 1553 2920 velut
1573 2877 1837 2930 Apollinaris
1860 2881 1905 2921 et
1926 2877 2077 2920 doctas
2100 2877 2145 2920 in
2168 2876 2396 2920 scribendo

335 2949 548 3004 ampullas
580 2953 780 3004 captaret
811 2948 1032 3004 cognitam
1063 2960 1157 2991 eam
1188 2949 1349 2992 habere
1380 2951 1543 3002 posset.

477 3021 621 3076 Pergo
653 3021 709 3064 ad
740 3020 923 3075 scholia3
957 3032 1134 3072 quorum
1166 3020 1277 3063 ratio
1309 3019 1400 3063 fere
1433 3019 1583 3062 eadem
1614 3023 1696 3075 est,
1730 3032 1839 3073 quae
1871 3019 1986 3062 illius
2008 3019 2274 3074 Apollinaris
2296 3017 2393 3061 loci.

334 3090 428 3136 Fac
450 3091 563 3135 enim
583 3091 840 3146 recorderis,
872 3102 982 3144 quae
1004 3102 1135 3143 supra
1156 3103 1183 3134 a
1203 3102 1270 3134 me
1298 3090 1523 3144 disputata
1545 3093 1645 3133 sunt
1667 3090 1719 3134 de
1748 3090 1938 3134 scholiis.
1970 3091 2074 3145 Ipsa
2094 3089 2395 3134 vetustissima
