2774 3681
1251 213 1537 255 -20.-

361 341 588 385 manifesto
619 354 672 385 ex
702 345 784 384 sat.
815 343 893 385 XV
926 343 1134 394 elucebat,
1167 343 1344 386 militari
1376 343 1516 398 aliquo
1549 355 1724 386 munere
1756 342 1947 387 functum
1990 356 2082 389 esse
2124 346 2214 391 sine
2257 357 2420 390 moroso

359 411 446 456 ullo
477 413 676 467 scrupulo
707 425 759 455 ex
790 417 870 456 sat.
891 414 995 457 XVI
1027 415 1176 468 collegi
1209 418 1390 468 poterat.
1425 413 1564 465 Quid?
1595 414 1701 457 haec
1734 428 1759 458 a
1791 418 1935 458 vetere
1967 415 2110 470 aliquo
2143 417 2421 472 grammatico

360 496 501 527 nonne
532 484 594 527 ita
625 484 844 528 conciliari
875 489 1120 538 potuerunt,
1155 488 1202 528 ut
1234 485 1484 528 ,Iuvenalem
1508 486 1550 527 in
1574 485 1770 539 Aegypto
1791 485 2000 529 militasse
2022 487 2218 531 diceret?
2250 487 2300 530 Id
2321 499 2421 530 vero

361 553 434 598 ubi
464 556 652 610 primum
683 546 842 598 factum
875 559 951 605 est,
986 555 1216 599 latissimus
1248 555 1512 599 coniectandi
1543 568 1717 610 campus
1748 557 2055 600 coniectoribus
2086 558 2276 611 patebat.
2310 558 2422 601 Cur?

363 626 608 681 quomodo?
655 626 826 681 quando
866 627 908 669 in
941 626 1138 680 Aegypto
1171 626 1407 670 militavit?
1452 625 1670 669 Eiusmodi
1703 627 1906 680 quaesitis
1937 629 2281 681 respondendum
2311 633 2419 672 erat.

363 697 523 749 Quodsi
555 698 721 741 exulem
753 698 831 741 sub
861 697 1000 750 specie
1031 697 1253 740 militiolae
1286 698 1328 740 in
1361 698 1604 752 Aegyptum
1636 708 1733 740 eum
1766 697 1939 740 missum
1971 708 2063 741 esse
2094 698 2419 752 responderunt,

363 769 409 811 id
440 781 493 811 ea
526 769 579 811 de
610 780 738 811 causa
769 768 927 810 factum
960 771 1038 818 est,
1072 767 1184 820 quod
1217 771 1384 810 tantam
1417 772 1621 820 quantam
1653 768 1696 809 in
1728 768 1872 810 satiris
1893 768 2113 810 Juvenalis
2138 769 2421 821 praestitisset

363 839 582 882 licentiam
615 843 744 892 atque
775 838 999 881 audaciam
1030 837 1285 890 impunitam
1319 851 1344 880 a
1375 837 1676 880 crudelissimis
1707 837 2036 890 imperatoribus
2067 838 2200 881 latam
2224 852 2304 881 non
2327 851 2420 882 esse

365 911 447 954 sibi
478 908 805 965 persuadebant.
839 931 896 937 -—

509 990 660 1034 Omnia
692 1003 801 1033 nunc
832 1003 885 1033 ea
916 988 1087 1040 scholia,
1120 989 1272 1044 quibus
1304 990 1523 1034 Juvenalis
1555 990 1712 1033 mentio
1753 988 1811 1041 fit,
1846 990 2105 1033 enumeravi.
2155 990 2279 1034 False
2310 991 2421 1033 enim

367 1062 558 1105 Francke
590 1074 654 1104 ex.
687 1062 782 1104 crit.
816 1073 914 1116 pag.
948 1060 1005 1102 55
1037 1064 1080 1102 et
1112 1061 1154 1102 in
1187 1060 1315 1103 schol.
1351 1061 1406 1104 ad
1438 1064 1516 1104 sat.
1551 1060 1661 1112 XVI,
1699 1059 1753 1104 13
1787 1059 1839 1104 de
1883 1072 1932 1104 eo
1975 1059 2135 1115 aliquid
2167 1059 2321 1105 referri
2352 1073 2421 1104 ar-

366 1135 549 1176 bitratus
581 1138 659 1175 est.
693 1132 872 1185 Legitur
903 1132 981 1173 ibi:

507 1214 825 1257 BARDAIGVS
857 1214 1046 1256 IVDEX.
1070 1214 1120 1255 D.
1145 1214 1197 1255 H.
1222 1215 1294 1266 qui
1329 1216 1453 1266 quast·
1485 1216 1593 1255 inter
1624 1215 1725 1255 illos
1755 1214 1910 1255 milites
1940 1213 2143 1255 militavit
2176 1215 2421 1256 habentibus

364 1286 585 1328 stationem
617 1284 735 1338 apud
765 1283 952 1345 Bardos.

511 1367 711 1421 Plerique
757 1366 818 1408 eis
850 1365 990 1408 verbis
1031 1365 1173 1419 plures
1217 1365 1483 1418 corruptelas
1524 1367 1661 1408 inesse
1703 1365 2019 1408 contenderunt.
2059 1367 2198 1421 Atque
2231 1365 2421 1408 Francke

365 1441 476 1483 hanc
497 1451 642 1481 eorum
665 1437 845 1479 formam
866 1437 1078 1478 restituit:
1115 1437 1214 1490 „qui
1232 1435 1366 1478 Ouasi
1389 1437 1501 1479 inter
1522 1437 1631 1479 alios
1652 1437 1807 1479 milites
1830 1437 2028 1479 militavit
2058 1437 2212 1481 habens
2242 1439 2302 1479 ibi
2334 1441 2419 1480 sta-

366 1512 526 1554 tionem
558 1509 671 1562 apud
703 1507 910 1550 Bardos.“
954 1507 1009 1548 Et
1048 1507 1101 1548 de
1132 1507 1340 1549 Juvenale
1372 1511 1496 1559 putat
1530 1520 1767 1549 sermonem
1799 1520 1918 1555 esse;
1958 1508 2069 1560 quod
2102 1509 2310 1560 quomodo
2342 1508 2419 1548 hoc

365 1581 455 1625 loco
487 1578 581 1623 fieri
613 1578 746 1632 possit
777 1590 856 1631 ego
889 1589 971 1619 non
1004 1590 1173 1630 possum
1204 1577 1468 1629 intellegere.
1504 1577 1613 1628 Quid
1646 1577 1856 1620 Bardaico
1888 1578 2017 1620 iudici
2049 1591 2145 1620 cum
2177 1578 2420 1620 Juvenale‘!

364 1654 431 1694 An
452 1652 542 1704 ipse
564 1649 783 1691 Juvenalis
818 1648 1051 1688 Bardaicus
1084 1649 1211 1689 iudex
1244 1649 1522 1690 nominatur?
1556 1649 1688 1690 Immo
1723 1660 1798 1691 nec
1830 1648 1990 1691 satirae
2028 1660 2103 1692 nec
2126 1648 2271 1691 scholii
2292 1647 2420 1691 verba

365 1724 622 1774 interpretes
654 1725 770 1760 recte
801 1719 1115 1759 intellexerunt.
1149 1719 1259 1759 Nam
1291 1720 1332 1758 in
1366 1720 1500 1759 satira
1533 1719 1871 1771 coniungendum
1903 1724 1968 1760 est
2002 1719 2291 1774 „Bardaicus“
2325 1730 2420 1761 cum

367 1790 604 1847 „calceus“.
650 1789 882 1832 Bardaicus
922 1790 1087 1831 calceus
1125 1793 1296 1842 tegmen
1340 1791 1496 1841 pedum
1541 1795 1618 1839 est,
1662 1803 1743 1841 quo
1784 1791 1940 1831 milites
1984 1792 2283 1832 induebantur.
2329 1791 2420 1831 Hoc

366 1867 511 1907 autem
552 1861 642 1904 loco
685 1873 753 1903 res
798 1859 1006 1902 denotans
1047 1872 1123 1912 pro
1156 1873 1340 1912 persona
1381 1860 1585 1902 denotata
1618 1860 1783 1901 dicitur.
1828 1860 2062 1902 Bardaicus
2093 1863 2226 1913 igitur
2256 1861 2420 1902 calceus

365 1934 480 1977 idem
511 1937 577 1975 est
609 1931 720 1984 quod
753 1942 888 1984 „unus
919 1943 970 1972 ex
1003 1930 1248 1981 militibus“,
1283 1931 1475 1971 centurio
1509 1930 1716 1979 videlicet,
1752 1935 1798 1971 ut
1829 1931 1869 1971 in
1903 1931 1985 1972 alio
2007 1933 2061 1972 ad
2083 1933 2175 1984 ipsa
2196 1932 2270 1972 illa
2291 1931 2421 1972 verba

366 2002 522 2047 scholio
555 2002 669 2044 infra
701 1999 959 2053 explicatur:
1009 2000 1355 2053 „BARDAICVS
1388 2000 1622 2042 centurio“.
1666 1999 1826 2041 Eadem
1859 2001 2082 2053 explicatio
2114 2003 2156 2041 in
2190 2001 2327 2041 verbis
2358 2001 2420 2041 in-

366 2078 430 2117 est
464 2072 563 2126 „qui
595 2070 717 2125 quasi
748 2070 860 2112 int-er
892 2070 984 2111 illos
1017 2070 1171 2111 milites
1204 2071 1444 2121 militavit“‚
1480 2084 1579 2111 nam
1612 2083 1689 2122 pro
1723 2071 1830 2123 „qui
1863 2073 1986 2124 quasi.
2021 2073 2162 2113 inter⁴⁶
2194 2072 2418 2123 legendum

367 2147 431 2188 est
453 2143 678 2197 „quisquis
699 2142 856 2193 inter“,
888 2142 1037 2195 iryend
1069 2142 1194 2190 einer,
1229 2141 1411 2184 welcher.
1448 2142 1566 2191 Quae
1599 2146 1741 2182 autem
1773 2147 2007 2194 sequuntur
2031 2143 2310 2196 „habentibus
2333 2148 2419 2184 sta-

368 2215 525 2257 tionem
559 2212 672 2266 apud
694 2212 884 2254 Bardos“
919 2224 999 2254 non
1033 2212 1327 2265 coniungenda
1358 2215 1456 2255 sunt
1487 2224 1582 2255 cum
1614 2212 1688 2260 eis,
1722 2225 1829 2266 quae
1862 2213 2131 2265 antecedunt,
2165 2213 2237 2256 sed
2270 2225 2420 2255 novam

293 2325 298 2330 .
368 2286 566 2341 glossam,
600 2283 718 2325 cuius
749 2284 904 2326 lemma
937 2284 1092 2326 excidit
1122 2283 1327 2332 DATVR,
1361 2283 1562 2326 exhibent
1594 2282 1807 2337 aliamque
1839 2283 2046 2336 praebent
2078 2286 2189 2327 vocis
2212 2284 2419 2339 „Bardai-

366 2361 464 2400 cus“
491 2355 828 2408 explicationem.
863 2355 943 2404 Qui
975 2367 1027 2395 ea
1059 2355 1239 2406 scripsit,
1274 2356 1309 2395 is
1343 2367 1441 2396 voce
1466 2354 1753 2408 „Bardaicus“
1789 2355 1841 2395 ad
1879 2356 2071 2409 „iudex“,
2106 2367 2189 2397 non
2221 2355 2274 2397 ad
2310 2355 2420 2408 „cal-

366 2427 491 2470 ceus“
524 2425 666 2468 relata
697 2431 865 2477 poetam
899 2425 1053 2466 milites
1076 2426 1117 2466 in
1141 2425 1379 2466 Bardorum
1411 2424 1561 2466 finibus
1593 2424 1826 2466 militantes
1857 2424 2025 2467 finxisse
2057 2427 2235 2478 putavit.
2270 2425 2421 2476 Itaque

367 2497 450 2539 duo
481 2496 595 2537 inter
625 2507 669 2535 se
702 2494 987 2535 diversissima
1019 2494 1179 2536 scholia
1210 2495 1288 2536 hoc
1321 2495 1423 2543 loce,
1458 2499 1505 2536 ut
1547 2494 1719 2547 saepius
1762 2494 1919 2536 factum
1964 2501 2040 2544 est,
2073 2496 2116 2537 in
2162 2507 2290 2537 unum
2323 2506 2420 2536 con-

365 2567 593 2609 fluxerunt.
639 2565 705 2605 De
738 2564 947 2605 ,Iuvenale
991 2564 1096 2605 nihil
1138 2564 1195 2605 ibi
1239 2565 1441 2615 traditur,
1476 2569 1606 2617 atque
1649 2564 1685 2605 si
1730 2564 1783 2606 ab
1814 2564 2048 2618 Apollinari
2092 2565 2275 2617 Sidonio,
2310 2564 2418 2614 vitis,

367 2640 571 2690 quattuor
615 2648 727 2688 quae
771 2635 895 2676 attuli
939 2635 1106 2676 scholiis
1138 2635 1390 2685 discesseris,
1426 2647 1634 2687 nusquam
1667 2635 1767 2676 alibi
1800 2635 1852 2677 de
1884 2648 1933 2676 eo
1966 2637 2197 2688 quidquam
2220 2635 2419 2684 traditur,

366 2708 446 2753 nisi
489 2707 599 2751 fOl'te
641 2704 754 2760 apud
787 2704 963 2749 Suidaln
1003 2717 1036 2749 S.
1070 2718 1106 2747 V.
1141 2703 1401 2754 Ἰουβενοίλιος.
1427 2704 1607 2758 Legitur
1653 2704 1734 2747 ibi:
1768 2709 2017 2754 Ἰουβενοίλιος
2042 2709 2205 2754 ποιητής
2229 2710 2421 2755 Ῥωμαῖος.

364 2778 482 2826 οὗτος
507 2775 556 2824 ἦν
579 2782 637 2817 ἐπὶ
661 2781 910 2829 Δομετιανοῦ
935 2778 1110 2827 βασιλέως
1134 2779 1336 2827 Ῥωμαίων.
1363 2779 1401 2818 ‘0
1426 2778 1464 2817 δὲ
1492 2777 1732 2827 Δομιτιανός
1758 2778 1872 2826 ἐφίλει
1902 2778 1972 2817 τόν
2007 2778 2204 2832 ὀρχηστήν
2231 2780 2419 2831 πρασίνου

367 2850 503 2899 μέρους
545 2844 617 2882 τόν
653 2843 860 2891 λεγόμενον1
893 2844 1020 2896 ποίριν,
1048 2849 1125 2897 περὶ
1155 2839 1207 2880 οὗ
1241 2848 1304 2879 καὶ
1336 2843 1563 2896 ἐλοιδορεῖτο
1595 2842 1673 2880 ὑπό
1699 2844 1794 2889 τῆςό
1822 2844 2050 2891 {nutritoe
2077 2848 2141 2881 καὶ
2167 2840 2421 2888 Ἰουβεναλίου

365 2918 443 2948 τοῦ
468 2915 644 2952 ποιητοῦ.
672 2907 799 2951 ’Ὅστις
824 2906 999 2951 βασιλεύς
1042 2907 1187 2961 ἐξώρισε
1223 2908 1293 2944 τόν
1328 2907 1574 2953 δουβενοίλιον
1611 2910 1648 2943 ἐν
1674 2907 1901 2945 Πενταπόλει
1925 2910 1981 2944 ἐπὶ
2005 2906 2077 2949 τήν
2102 2907 2263 2955 Λιβύην,
2288 2903 2358 2943 τόν
2383 2903 2420 2941 δὲ

365 2972 562 3027 ὀρχηστήν
601 2972 806 3015 πλουτίσας
841 2969 1001 3019 ἔπεμψεν
1038 2978 1088 3016 εἰς
1120 2972 1374 3020 Ἀντιόχειαν,
1399 2969 1443 3016 ὃς
1470 2975 1600 3015 κτίσας
1637 2970 1743 3008 οἷκον
1781 2976 1844 3007 καὶ
1881 2972 2048 3024 λουτρόν
2082 2972 2150 3023 ἔξω
2181 2977 2251 3016 τῆς
2278 2969 2417 3015 πόλεως

366 3046 439 3082 ἐκεῖ
460 3043 628 3081 relenta.
655 3039 763 3090 Quid
797 3051 876 3092 ego
908 3039 974 3081 hic
998 3039 1049 3082 de
1071 3040 1352 3093 epitomatore
1384 3039 1455 3081 illo
1487 3039 1670 3093 loquar?
1704 3041 1743 3082 in
1777 3052 1903 3093 quem
1935 3041 2052 3082 idem
2085 3040 2201 3083 cadit
2232 3038 2344 3093 quod
2376 3038 2417 3080 in
