2774 3681
1229 254 1519 296 -14-

336 383 484 427 ferens
526 382 682 426 audaci
724 382 1023 427 additamento
1063 394 1259 426 mancam
1296 382 1433 426 vitam
1476 381 1712 437 suppleret.
1774 381 1826 425 In
1857 380 1986 425 dubio
2016 384 2162 426 autem
2192 381 2400 439 relinquo,

337 466 439 497 num
471 453 656 497 extremi
693 454 818 498 vitae
857 454 1144 498 additamenti
1185 454 1319 509 idem,
1371 453 1445 506 qui
1489 454 1719 496 verborum
1769 464 2021 506 „quamqam
2066 453 2396 509 octogenarius“

337 528 491 568 auctor
523 524 598 568 sit.
644 524 795 568 Verba
813 525 891 568 illa
916 537 968 579 „a
989 525 1201 578 scriptore
1232 537 1310 577 pro
1341 524 1432 566 suis
1464 523 1602 577 ipsius
1633 522 1874 565 ratiociniis
1905 525 2069 566 temere
2099 525 2244 577 posita
2273 525 2396 568 esse“

336 594 471 639 etiam
513 594 955 651 Synnerberssgius,
999 595 1053 638 de
1092 594 1358 648 temporibus
1389 593 1510 637 vitae
1541 594 1860 645 carminumque
1896 592 1950 636 D.
1981 593 2026 636 J.
2057 594 2288 638 Juvenalis
2317 595 2401 638 rite

336 664 673 710 constituendis.
705 665 926 720 Helsingf.
954 667 1066 708 1866
1097 677 1198 718 pag.
1232 665 1288 706 24
1320 668 1366 707 et
1396 664 1493 707 Val.
1526 664 1730 707 Francke
1761 676 1815 706 ex
1847 663 1943 706 crit.
1972 676 2074 718 pag.
2098 667 2155 707 94
2179 691 2233 696 -
2261 669 2400 720 „octo-

337 736 565 792 grenarium
597 740 689 781 tum
720 736 857 781 fuisse
894 740 1085 791 poetam,
1129 747 1257 789 quum
1296 735 1341 778 in
1382 735 1556 778 exilium
1599 734 1865 789 mitteretur,
1909 734 2052 787 potuit
2093 736 2400 790 grammaticus

337 807 614 853 conclusione
656 808 804 862 aliqua
843 812 911 852 et·
928 807 1176 852 coniectura
1218 807 1415 851 efficere“
1465 832 1519 837 —
1563 806 1816 851 concedunt.
1879 806 2029 859 Neque
2060 810 2207 851 tamen
2237 821 2319 864 ego
2350 820 2402 851 ea

337 891 450 934 quae
489 879 644 923 volunt
682 878 748 923 illi
789 878 1019 923 ratiocinia
1057 877 1195 922 fuisse
1240 891 1408 922 censeo.
1471 877 1579 921 Mihi
1619 876 1790 931 quidem
1829 856 2005 920 videtur
2046 877 2106 933 is,
2154 879 2226 932 qui
2268 881 2403 922 verba

343 962 626 1006 „quamquam
657 951 828 1006 octog.“
863 950 982 993 vitae
1013 949 1157 993 textui
1196 949 1390 1005 infersit,
1431 949 1581 993 laudes
1613 948 1732 1004 illas,
1776 961 1803 992 a
1843 948 1998 1001 quibus
2038 949 2176 992 satira
2219 950 2402 1004 septima

338 1021 519 1075 orditur,
550 1021 685 1073 probe
706 1020 763 1062 ad
784 1020 1017 1062 Traianum
1039 1021 1292 1076 contulisse,
1324 1034 1409 1063 non
1440 1020 1543 1062 item
1575 1021 1707 1073 probe
1739 1019 1965 1061 censuisse
1998 1019 2265 1075 epigramma
2295 1021 2401 1064 illud

337 1090 439 1135 olim
468 1091 514 1134 111
544 1091 771 1147 Paridem,
803 1091 986 1134 Neronis
1017 1092 1345 1145 pantomimum,
1378 1092 1540 1135 factum
1571 1103 1692 1146 esse,
1734 1091 1846 1143 quod
1878 1091 2049 1143 quidem
2081 1092 2137 1133 ad
2167 1092 2402 1135 Domitiani

336 1161 540 1206 Paridem
560 1162 768 1216 pertinet.
814 1162 941 1205 Paris
972 1165 1118 1205 autem
1149 1162 1223 1205 ille
1254 1162 1355 1205 inde
1387 1163 1441 1205 ab
1463 1174 1574 1205 anno
1597 1163 1652 1205 56
1675 1174 1715 1214 p.
1740 1161 1838 1204 Chr.
1861 1173 1998 1213 usque
2020 1161 2075 1203 ad
2097 1174 2136 1204 a.
2161 1164 2214 1204 67
2237 1176 2278 1216 p.
2302 1163 2399 1205 Chr.

336 1230 411 1287 (cf.
444 1231 547 1277 Tac.
581 1232 694 1277 Ann.
726 1232 853 1288 ΧΠῙ,
889 1233 1081 1287 19—22)
1114 1233 1229 1286 apud
1260 1233 1474 1277 Neronem
1505 1233 1831 1286 potentissimus
1863 1232 1959 1275 fuit.
2022 1233 2084 1275 Ut
2114 1233 2251 1286 igitur
2280 1235 2400 1276 vitae

338 1302 629 1358 interpolator
659 1302 859 1348 laudibus
890 1302 978 1347 illis
1010 1302 1066 1347 ad
1093 1302 1327 1347 Traianum
1364 1303 1515 1347 relatis
1549 1317 1644 1346 cum
1672 1302 1851 1346 satiram
1872 1303 1958 1346 VH
1979 1306 2070 1345 tum
2091 1304 2402 1357 relegationem

337 1373 443 1418 JUV.
476 1373 522 1418 in
553 1385 711 1418 8111111111
750 1373 843 1418 fere
885 1375 966 1418 102
998 1385 1039 1429 p.
1073 1373 1172 1418 Chr.
1214 1373 1428 1430 posuerit,
1471 1373 1671 1430 exiguam
1710 1375 1855 1417 autem
1894 1372 1939 1417 in
1979 1371 2163 1418 Neronis
2204 1373 2404 1418 Paridem

339 1445 521 1489 satiram
551 1456 664 1488 811110
696 1446 752 1487 62
785 1444 992 1498 scriptam
1023 1455 1122 1488 esse
1154 1444 1398 1501 putaverit,
1441 1456 1523 1498 quo
1555 1456 1665 1488 anno
1697 1444 1811 1488 Nero
1843 1443 2030 1488 Octavia
2060 1456 2193 1488 uxore
2225 1443 2405 1499 depulsa

339 1519 387 1558 et
415 1516 555 1558 Burro
585 1515 817 1558 interfecto
848 1515 893 1558 in
926 1515 1188 1570 Tigellinum
1233 1517 1296 1572 (v.
1343 1518 1425 1559 sat.
1472 1516 1507 1572 I,
1550 1517 1626 1571 55)
1669 1527 1874 1558 summam
1915 1514 2220 1559 auctoritatem
2261 1518 2402 1559 trans-

337 1587 520 1630 fundere
552 1587 696 1640 coepit
727 1591 774 1629 et
803 1587 942 1629 festos
975 1587 1073 1629 illos
1105 1587 1150 1629 in
1182 1588 1355 1629 theatro
1388 1587 1482 1629 dies
1521 1587 1633 1641 egit:
1679 1587 1778 1629 inde
1818 1588 1873 1629 ab
1917 1598 2029 1629 anno
2071 1589 2126 1629 62
2169 1599 2305 1640 usque
2348 1587 2403 1630 ad

338 1670 499 1701 annum
533 1659 617 1700 102
649 1657 830 1700 calculis
867 1658 1088 1700 subtiliter
1129 1658 1353 1700 subductis
1400 1661 1456 1700 40
1500 1671 1635 1700 annos
1681 1657 1825 1700 effecit
1864 1663 1909 1700 et
1956 1659 2155 1711 quoniam
2200 1659 2245 1700 in
2284 1659 2403 1701 vitae

337 1729 515 1773 exordio
558 1730 737 1782 legebat
781 1742 919 1781 usque
965 1729 1021 1771 ad
1066 1729 1281 1771 mediam
1327 1729 1418 1771 fere
1464 1733 1651 1771 aetatem
1686 1730 1717 1770 J
1719 1731 1945 1771 uvenalem
1991 1730 2271 1783 declamasse,
2318 1741 2403 1771 non

335 1799 480 1854 potuit
511 1799 615 1852 quin
645 1811 685 1843 a.
719 1801 775 1843 62
807 1812 903 1843 eum
936 1801 992 1842 40
1024 1812 1159 1843 annos
1192 1803 1340 1843 natum
1372 1799 1510 1843 fuisse
1542 1799 1751 1842 crederet.
1814 1800 2011 1842 Adiectis
2056 1803 2200 1842 autem
2245 1801 2313 1842 his
2345 1802 2402 1841 40

336 1869 463 1913 annis
495 1869 552 1913 ad
583 1871 641 1913 40
673 1881 747 1913 eos
780 1881 939 1924 8111108,
973 1869 1046 1922 qui
1077 1870 1284 1923 temporis
1318 1870 1460 1923 spatio
1492 1870 1593 1913 inde
1624 1883 1651 1912 8
1683 1872 1738 1912 62
1769 1883 1905 1922 usque
1936 1870 1991 1912 ad
2027 1872 2109 1912 102
2141 1869 2401 1924 efficiuntur,

335 1941 498 1988 aetatis
530 1940 633 1983 anni
665 1942 722 1983 80
753 1943 974 1994 putantur.
1038 1940 1183 1993 Atque
1214 1940 1278 1983 ita
1309 1940 1550 1984 constituta
1581 1944 1705 1984 aetas
1744 1939 1907 1995 effecit,
1951 1944 2001 1982 ut
2040 1941 2112 1983 vel
2155 1941 2210 1983 ab
2254 1939 2401 1983 eodem

337 2011 411 2053 vel
443 2011 499 2053 ab
531 2011 617 2054 alio
648 2010 960 2054 ratiocinatore
992 2012 1130 2054 verba
1160 2015 1388 2065 praeterea
1418 2011 1761 2066 adiungerentur
1792 2025 1958 2066 „vemcm
1990 2036 2044 2041 —
2070 2010 2237 2067 pei-iifl.

478 2082 674 2136 Egregie
705 2082 921 2124 mehercle
954 2082 1033 2123 hoc
1066 2086 1162 2124 erat
1194 2086 1499 2137 computatum,
1533 2094 1671 2134 neque
1703 2086 1849 2124 tamen
1881 2082 1920 2124 ei
1952 2083 2230 2136 probabatur,
2264 2082 2336 2134 qui
2357 2081 2401 2124 in

335 2152 483 2195 codice
514 2152 661 2194 Vossii
691 2153 803 2194 hanc
836 2152 973 2193 vitam
1004 2152 1236 2204 expressit.
1299 2153 1343 2194 Is
1376 2153 1510 2207 enim,
1556 2165 1665 2207 011111,
1711 2164 1836 2204 quam
1876 2152 2028 2194 ultima
2066 2152 2203 2194 verba
2243 2151 2401 2193 rationi

334 2234 420 2264 11011
451 2221 755 2276 convenirent,
794 2222 1107 2276 intellexisset,
1154 2235 1249 2264 eum
1281 2222 1325 2264 in
1356 2223 1526 2265 modum
1558 2222 1671 2275 quod
1701 2222 1775 2264 ille
1807 2226 2070 2275 peccaverat
2107 2222 2314 2276 correxit,
2356 2224 2407 2263 ut

336 2291 494 2335 vitium
533 2292 644 2335 vitio
687 2292 864 2335 vitaret.
927 2293 1036 2334 Nam
1080 2306 1157 2345 pro
1206 2306 1380 2346 „verum
1424 2294 1542 2336 intra
1585 2293 1886 2335 brevissimum
1931 2298 2102 2345 tempus
2146 2305 2308 2346 angore
2352 2304 2406 2334 ac

332 2362 479 2406 taedio
525 2361 680 2416 periit“
717 2362 914 2416 scripsit:
960 2378 1127 2417 „verum
1169 2367 1282 2407 iutra
1313 2365 1590 2407 brevissimum
1635 2370 1790 2419 tempus
1831 2362 1942 2412 θεὸς
1985 2361 2119 2412 αὐτός
2160 2364 2408 2406 adscribitur

332 2434 521 2477 divorum
562 2433 681 2476 choro
719 2436 1012 2490 revertiturque
1049 2434 1264 2477 Juvenalis
1302 2435 1490 2490 Romam,
1534 2437 1606 2491 qui
1646 2435 1809 2477 taudem
1853 2435 1911 2476 ad
1951 2434 2107 2477 Nervae
2146 2440 2181 2477 et
2231 2434 2408 2476 Traiani

330 2506 611 2561 principatum
643 2506 897 2561 supervivens
928 2507 1036 2547 senio
1067 2510 1102 2548 et
1134 2507 1264 2549 taedio
1294 2508 1397 2549 vitae
1427 2506 1630 2561 confectus
1655 2511 1939 2561 properantem
1970 2508 2162 2561 spiritum
2192 2520 2285 2547 eum
2306 2506 2407 2547 tussi

331 2575 531 2632 exspuit‘st
595 2575 734 2619 Recte
775 2575 913 2630 igitur
954 2575 1028 2618 ille
1070 2575 1241 2628 quidem
1284 2576 1509 2630 perspexit
1546 2576 1821 2630 peregrinam
1851 2576 1883 2619 J
1884 2589 1955 2619 uv.
1988 2577 2032 2619 in
2065 2576 2193 2619 exilio
2225 2579 2406 2619 mortem

334 2648 516 2700 propter
547 2645 708 2689 satiras
741 2648 886 2689 8—16
921 2646 1057 2688 statui
1089 2659 1174 2689 non
1204 2659 1353 2703 posse3
1399 2647 1476 2690 sed
1508 2659 1604 2689 cum
1635 2647 1805 2689 Nerone
1846 2647 2086 2700 imperante
2123 2659 2219 2690 eum
2258 2649 2406 2689 natum

331 2728 433 2760 esse
478 2715 645 2759 iudicat
690 2720 736 2759 et
781 2716 1045 2772 Domitiani,
1094 2717 1215 2759 cuius
1262 2717 1403 2772 ipsum
1451 2729 1605 2760 nomen
1652 2716 1799 2773 affert,
1846 2729 1930 2761 11011
1977 2717 2160 2761 Neronis
2206 2716 2406 2760 Paridem

331 2787 574 2842 intellegit,
616 2787 661 2830 in
692 2787 823 2830 alium
853 2787 1009 2830 incidit
1046 2800 1248 2830 errorem.
1311 2789 1421 2831 Nam
1459 2792 1635 2843 reputa,
1678 2800 1852 2843 quaeso,
1895 2788 2103 2841 quomodo
2145 2789 2404 2842 congruant:

338 2857 525 2910 „Junius
564 2858 797 2900 Juvenalis
964 2857 1211 2899 oriundus
1253 2858 1575 2911 temporibus
1621 2858 1825 2899 Claudii
1868 2858 2087 2900 Neronis
2127 2858 2183 2900 ad
2223 2856 2405 2899 mediam

332 2926 426 2971 fere
456 2931 648 2972 aetatem
679 2928 942 2972 declamavit
975 2963 985 2971 .
1010 2962 1019 2971 .
1046 2962 1055 2971 .
1089 2928 1244 2971 deinde
1276 2929 1330 2971 ad
1370 2929 1565 2982 poetices
1604 2941 1651 2971 se
1694 2929 1934 2982 applicavit
1976 2932 2022 2971 et
2061 2932 2290 2981 postquam
2331 2927 2404 2969 diu

274 3021 278 3026 ·
331 2997 473 3040 tacuit
521 2998 704 3051 incepit:
753 3011 955 3051 semper.
988 3032 997 3041 .
1029 3032 1038 3041 .
1069 2998 1225 3041 dehinc
1271 3012 1502 3052 paucorum
1551 3011 1753 3041 versuum
1801 2999 1938 3041 satira
1983 3011 2068 3041 non
2121 2998 2309 3041 absurde
2360 2997 2405 3039 in

331 3067 575 3112 Paridem
607 3068 895 3112 Domitiani
925 3070 1232 3123 pantomimum
1255 3104 1265 3113 .
1290 3104 1299 3112 .
1325 3104 1334 3113 .
1358 3070 1597 3123 composita
1620 3103 1629 3112 .
1655 3104 1664 3113 .
1688 3074 1832 3113 tamen
1855 3070 1939 3113 diu
1962 3082 2016 3113 ne
2036 3070 2202 3113 modico
2235 3068 2405 3122 quidem

333 3138 551 3182 auditorio
583 3139 810 3192 quicquam
843 3139 1112 3183 committere
1144 3144 1214 3183 est
1245 3153 1377 3183 ausus
1402 3174 1411 3183 .
1435 3152 1533 3184 mox
1566 3141 1739 3184 auditus
1771 3145 1842 3184 est
1864 3174 1873 3184 .
1899 3175 1908 3184 .
1934 3175 1942 3184 .
1965 3145 2015 3184 ut
2035 3141 2260 3185 inferciret
2279 3138 2405 3183 novis
