2774 3681
1245 336 1299 343 -.
1366 316 1418 357 15
1480 337 1533 343 -

364 445 573 500 scriptis.
599 478 609 487 .
634 444 790 487 ‚venit
824 443 1056 489 Juvenalis
1099 444 1144 486 in
1187 443 1474 496 suspicionem
1512 456 1570 485 ac
1610 443 1789 485 statim
1830 455 1909 496 per
1950 444 2152 486 honorem
2194 443 2420 487 militiolae

365 528 660 573 quamquam
690 514 1058 569 octogenarius
1089 515 1196 558 urbe
1225 518 1461 558 summotus
1485 548 1495 557 .
1520 549 1528 557 .
1554 548 1563 556 .
1586 526 1737 557 verum
1767 514 1884 556 intra
1913 514 2217 558 brevissimum
2246 518 2418 568 tempus

363 585 473 637 θεὸς
503 582 636 635 αὐτὸς
678 586 942 630 adscribitur
981 585 1178 629 divorum
1227 585 1355 629 choro
1397 584 1790 637 revertiturque
1829 584 2079 641 Juvenalis,
2124 586 2196 639 qui
2239 585 2417 629 tandem

364 660 420 704 ad
450 659 623 702 Nervae
653 660 699 700 et
742 656 919 700 Traiani
961 656 1248 710 principatum
1292 655 1578 709 supervivens
1602 690 1611 698 .
1637 689 1646 698 .
1671 656 1707 698 .“
1773 654 1913 709 Quid?
1945 657 2148 700 extremis
2180 656 2417 700 Domitiani

364 729 488 774 annis
523 753 576 758 —
609 740 708 771 nam
739 739 766 770 a
796 727 1042 771 Domitiano
1072 727 1103 771 J
1104 739 1176 770 uV.
1209 726 1451 781 relegatum
1482 739 1581 770 esse
1611 726 1731 769 vitae
1762 730 1914 770 auctor
1944 728 2128 771 credidit
2150 753 2203 759 ——
2229 728 2269 771 is
2299 730 2417 771 octo·

364 799 568 858 genarius
599 798 701 855 fuit,
734 798 807 852 qui
837 798 1007 842 Nerone
1038 801 1252 853 regnante
1271 800 1412 841 ‘natus
1444 799 1567 841 erat?
1627 798 1666 841 A
1709 797 1845 852 primo
1889 799 2070 843 Neronis
2113 799 2417 844 dominationis

364 884 474 917 anno
508 871 585 927 (54
617 883 658 925 p.
692 871 813 926 Chr.)
847 870 885 914 si
915 870 971 914 ad
1011 873 1248 913 extremum
1285 869 1521 912 Domitiani
1563 882 1745 925 regnum
1789 874 1893 923 quot
1933 870 2020 914 sint
2059 871 2162 914 anni
2201 885 2417 926 numeras,

363 956 447 987 non
477 942 661 996 amplius
694 944 749 984 42
781 942 883 984 anni
915 941 1172 984 efficiuntur.
1236 940 1399 995 Quodsi
1429 940 1542 983 idem
1572 945 1724 984 auctor
1754 945 1925 995 poetam
1955 955 2051 985 mox
2088 942 2208 985 illum
2247 941 2418 995 quidem

362 1014 615 1067 revertisse,
657 1013 734 1055 sed
765 1013 821 1055 ad
851 1013 1023 1055 Nervae
1054 1016 1225 1054 tantum
1255 1016 1301 1054 et
1331 1011 1509 1053 Traiani
1539 1012 1828 1064 principatum
1860 1013 2154 1064 supervixisse
2185 1012 2417 1068 fabuletur,

364 1083 536 1129 dubium
567 1095 652 1127 non
684 1087 766 1138 est,
800 1083 902 1136 quin
932 1083 964 1127 J
965 1097 1036 1126 uv.
1065 1083 1225 1127 aetatis
1259 1097 1362 1126 suae
1394 1097 1506 1125 anno
1529 1084 1858 1137 quadragesimo
1881 1088 2032 1136 quarto
2054 1085 2224 1127 obierit.
2276 1084 2420 1126 Aliter

363 1168 434 1199 res
458 1167 505 1197 se
534 1155 707 1209 habeat,
742 1154 779 1197 si
800 1155 936 1197 verba
962 1154 1251 1208 „temporibus
1273 1153 1442 1197 Claudii
1463 1154 1672 1197 Neronis“
1699 1167 1782 1197 non
1803 1155 1859 1197 ad
1879 1155 2132 1198 vocabulum
2158 1154 2414 1209 „oriundus“

363 1227 530 1271 referas
563 1226 885 1280 coniungasque
918 1238 1012 1270 cum
1044 1226 1113 1282 iis,
1153 1239 1261 1280 quae
1295 1229 1532 1278 sequuntur
1567 1225 1648 1278 „ad
1678 1226 1862 1268 mediam
1892 1225 1983 1269 fere
2013 1228 2246 1270 aetatem“.
2309 1226 2419 1268 Tum

363 1310 466 1342 vero
498 1298 648 1341 eadem
679 1297 770 1341 fere
803 1309 911 1351 quae
943 1297 987 1340 in
1019 1297 1114 1341 vita
1143 1297 1165 1341 I
1198 1297 1417 1341 sententia
1448 1296 1597 1341 oritur.
1661 1296 1746 1341 Sed
1789 1296 1870 1340 hac
1913 1296 2273 1351 interpretatione
2316 1297 2419 1340 vide

363 1382 417 1411 ne
449 1370 523 1410 ille
554 1370 678 1410 homo
709 1368 824 1410 iusto
857 1368 1006 1411 scitior
1036 1380 1088 1411 ac
1119 1368 1371 1422 prudentior
1401 1367 1604 1422 fingatur.
1667 1367 1776 1411 Nam
1806 1367 1922 1412 inter
1952 1379 2017 1424 ea,
2056 1380 2164 1422 quae
2195 1366 2241 1413 in
2271 1366 2367 1412 vita
2396 1366 2420 1411 I

367 1440 570 1481 continua
591 1440 705 1480 serie
727 1440 932 1493 leguntur
967 1440 1203 1493 „incertum
1224 1439 1337 1481 filius
1359 1451 1415 1482 an
1445 1440 1641 1482 alumnus
1672 1438 1728 1482 ad
1758 1438 1942 1482 mediam
1973 1438 2064 1483 fere
2095 1442 2285 1483 aetatem
2308 1474 2317 1484 .
2343 1474 2352 1483 .
2378 1439 2415 1483 .“

365 1515 459 1553 tota
497 1511 574 1551 illa
614 1509 853 1551 enuntiatio
902 1523 981 1563 „ex
1021 1498 1206 1563 Aquinio
1237 1511 1489 1552 Volscorum
1529 1510 1683 1564 oppido
1720 1510 1924 1553 oriundus
1956 1510 2218 1565 temporibus
2251 1510 2420 1555 Claudii

365 1582 574 1626 Neronis“
618 1581 682 1624 ita
720 1581 1021 1636 interponitur,
1068 1586 1118 1623 ut
1162 1586 1283 1623 arcto
1327 1582 1499 1623 vinculo
1540 1582 1750 1624 contineri
1791 1581 2005 1624 videatur.
2069 1581 2206 1637 Quam
2237 1583 2291 1625 ob
2329 1593 2420 1625 rem

366 1653 517 1698 critica
537 1652 705 1696 illorum
726 1651 1171 1705 hominumfacultate
1193 1653 1426 1707 desperata
1446 1666 1530 1696 non
1561 1653 1709 1696 dubito
1740 1654 1872 1696 etiam
1902 1654 1985 1696 hoc·
2013 1654 2107 1696 loco
2140 1653 2421 1696 securitatem

369 1724 558 1769 auctoris
590 1737 641 1767 ac
673 1723 930 1766 dementiam
961 1737 1212 1777 agnoscere.
1274 1725 1386 1767 Erat
1406 1725 1519 1767 enim
1549 1725 1603 1778 ei,
1636 1738 1730 1766 cum
1762 1725 1815 1767 de
1847 1729 2042 1766 extrema
2071 1725 2102 1766 J
2104 1725 2303 1766 uvenalis
2325 1725 2422 1766 vita

369 1795 454 1838 alia
484 1806 536 1838 ac
566 1794 660 1837 vita
681 1794 702 1837 I
723 1793 907 1837 referret
938 1797 983 1837 et
1014 1806 1040 1837 a
1061 1793 1305 1838 Domitiano
1335 1807 1431 1838 eum
1462 1795 1568 1838 urbe
1599 1795 1768 1847 pulsum
1800 1808 1898 1838 esse
1931 1799 2160 1848 statueret,
2193 1795 2421 1837 delendum

368 1866 474 1908 illud
505 1865 617 1917 quod
648 1865 693 1907 in
723 1864 818 1907 vita
849 1865 870 1906 Ι
902 1868 1063 1907 temere
1095 1865 1281 1918 positum
1313 1868 1408 1907 erat
1443 1877 1724 1919 „quamquam
1755 1865 2102 1919 octogenarius“.
2166 1864 2289 1919 Quod
2325 1878 2421 1908 cum

368 1935 561 1990 retinuit,
594 1935 736 1977 omnia
767 1934 975 1976 turbavit.
1038 1934 1133 1977 Duo
1165 1938 1309 1977 autem
1340 1935 1446 1977 haec
1479 1936 1614 1978 verba
1652 1947 1756 1978 sane
1788 1948 1872 1978 non
1914 1939 2015 1978 sunt
2046 1935 2252 1991 eiusdem,
2298 1935 2420 1979 cuius

369 2006 534 2058 reliqua
554 2006 661 2060 vita,
696 2006 772 2047 sed
795 2006 943 2047 eadem
974 2004 1222 2061 effecerunt,
1255 2009 1303 2047 ut
1333 2009 1422 2048 tam
1443 2006 1578 2048 multa
1609 2009 1655 2048 et
1686 2009 1775 2048 tam
1795 2005 1919 2049 varia
1950 2006 2002 2049 de
2034 2010 2171 2050 morte
2190 2006 2221 2049 J
2223 2006 2419 2050 uvenalis

370 2078 735 2130 excogitarentur.
799 2076 923 2117 Talia
954 2081 1096 2117 autem
1130 2089 1206 2117 cur
1236 2089 1320 2118 non
1353 2077 1441 2118 sint
1474 2078 1528 2118 ab
1560 2089 1610 2118 eo
1643 2077 1715 2129 qui
1747 2077 1925 2129 primam
1946 2077 2081 2119 vitam
2113 2077 2420 2130 conscripserit

369 2148 556 2202 tradita,
600 2161 756 2190 caussa
798 2146 1000 2188 facillime
1047 2147 1277 2200 cogitatur.
1340 2148 1547 2189 Nimirum
1593 2148 1680 2201 ille,
1725 2152 1829 2199 quot
1864 2160 1999 2188 annos
2037 2148 2343 2201 complevisset
2373 2151 2419 2190 et

370 2218 575 2270 quomodo
606 2217 787 2261 obiisset
817 2221 958 2271 poeta,
992 2230 1045 2258 ex
1077 2217 1225 2259 satiris
1257 2217 1350 2260 eius
1382 2218 1597 2271 collegere
1628 2231 1711 2260 non
1743 2217 1895 2270 potuit.

510 2288 593 2331 His
626 2287 860 2342 disputatis
898 2288 1009 2330 hanc
1041 2287 1172 2330 doceo
1213 2288 1331 2330 vitae
1370 2288 1659 2330 condicionem
1697 2300 1808 2329 esse.
1870 2288 1963 2329 Duo
2002 2287 2094 2329 eius
2133 2287 2418 2331 fabricatores

368 2357 505 2401 fuisse
537 2370 711 2413 censeo3
757 2369 932 2410 quorum
963 2357 1079 2410 prior
1109 2357 1304 2412 tradidit,
1338 2356 1542 2409 quidquid
1573 2370 1626 2399 ex
1659 2356 1806 2399 satiris
1839 2357 2080 2411 collegendi
2111 2358 2418 2412 divinandique

370 2432 466 2470 arte
497 2428 744 2483 invenerat3
778 2429 890 2471 alter
910 2427 1046 2470 vitam
1079 2428 1141 2470 sic
1164 2427 1442 2481 compositam
1463 2428 1527 2470 ita
1559 2427 1791 2481 supplevit,
1823 2431 1872 2469 ut
1893 2440 1946 2470 ex
1977 2427 2115 2481 ipsius
2136 2428 2255 2471 vitae
2285 2428 2418 2472 inter-

368 2499 612 2552 pretatione
654 2512 762 2553 quae
802 2499 971 2542 nescire
1016 2511 1062 2542 se
1102 2498 1274 2553 pigeret
1316 2498 1521 2542 adiceret.
1596 2498 1794 2542 Ceterum
1832 2497 1885 2541 de
1927 2498 2113 2553 singulis
2152 2499 2420 2554 singularum

369 2559 555 2613 vitarum
588 2570 896 2624 discrepantiis
917 2582 1057 2612 meum
1088 2582 1172 2612 non
1203 2574 1272 2612 est
1302 2570 1371 2612 hic
1403 2569 1540 2612 fusius
1563 2569 1818 2623 disceptare.
1872 2570 2013 2613 Unum
2044 2571 2124 2613 hoc
2145 2572 2337 2627 monebo,
2369 2583 2422 2614 ea

372 2652 480 2692 quae
512 2641 556 2684 in
588 2645 783 2684 extrema
814 2641 909 2683 vita
939 2642 1008 2684 111
1038 2642 1240 2695 legantur
1271 2644 1417 2697 „periit
1447 2656 1557 2683 amco
1587 2644 1729 2683 aetatis
1768 2656 1864 2683 suae.
1899 2644 2024 2684 altero
2064 2649 2099 2685 et
2129 2642 2420 2699 octuaqesimo“

370 2710 528 2762 optime
550 2712 772 2773 explicari,
807 2712 846 2757 si
865 2725 950 2754 non
973 2711 1067 2754 sine
1099 2712 1255 2754 notitia
1285 2712 1405 2754 vitae
1426 2712 1470 2754 Π
1505 2711 1669 2764 scripta
1690 2724 1743 2754 ea
1764 2724 1861 2754 esse
1884 2715 2139 2755 statuamus.
2190 2712 2421 2757 Juvenalis

369 2780 482 2823 enim
504 2781 541 2824 si
562 2782 866 2837 octogenarius
888 2783 1032 2836 paullo
1054 2786 1155 2825 ante
1176 2782 1467 2825 Domitianum
1493 2782 1713 2835 „divorum
1734 2783 1862 2824 choro
1883 2782 2174 2836 adscriptum“
2199 2784 2421 2838 relegatus

370 2853 439 2892 est
476 2851 552 2903 (96
585 2852 632 2905 p.
674 2853 794 2903 Chr.)
840 2866 1128 2904 reversusque
1169 2854 1225 2894 ad
1264 2854 1436 2895 Nervae
1479 2856 1523 2894 et
1565 2853 1741 2894 Traiani
1777 2853 2066 2905 principatum
2104 2853 2182 2907 (98
2220 2866 2261 2907 p.
2301 2854 2422 2909 Chr.)

371 2921 629 2979 supervixit,
662 2928 854 2966 mortuus
888 2928 958 2966 est
990 2923 1301 2977 octogesimum
1338 2924 1521 2967 alterum
1562 2924 1721 2966 aetatis
1753 2937 1910 2965 annum
1946 2936 2097 2977 agens
2159 2924 2210 2966 Id
2241 2928 2425 2977 apparet

372 3002 396 3033 e
428 2991 523 3034 vita
553 2993 598 3036 II
629 2993 833 3037 facillime
866 2993 974 3037 effici
1006 2995 1221 3048 potuisse;
1270 3007 1396 3046 quam
1433 3007 1487 3037 ex
1518 2994 1612 3036 vita
1646 2994 1668 3036 I
1705 3007 1953 3047 expressam
1984 3007 2035 3035 ac
2067 2994 2294 3037 dilatatam
2325 3007 2424 3053 esse

369 3072 535 3104 mecum
567 3064 891 3108 consentientes
923 3064 1247 3107 affirmaverunt
1268 3064 1471 3108 Francke
1502 3078 1568 3107 ex.
1592 3064 1729 3107 critic.
1750 3077 1850 3119 pag.
1878 3067 1963 3119 173'
1982 3065 2027 3107 C.
2051 3064 2126 3108 Fr.
2148 3065 2424 3109 Hermannus

370 3131 423 3174 de
456 3135 539 3175 sat.
563 3138 674 3188 sept.
698 3139 789 3189 tpp.
812 3147 913 3190 pag.
937 3138 982 3190 83
1016 3135 1362 3190 Synnerbergius
1385 3136 1413 3179 l.
1435 3137 1462 3179 l.
1485 3149 1586 3191 pag.
1612 3138 1684 3192 143
1716 3148 1839 3191 unuS,
1871 3135 1983 3188 quod
2004 3135 2151 3191 sciam,
2182 3135 2426 3191 Pinzgerus

370 3202 508 3256 (Neue
539 3203 694 3249 Jahrb.
741 3206 771 3250 f.
804 3207 915 3250 Phil.
948 3219 989 3249 u.
1021 3206 1127 3250 Pad.
1164 3208 1275 3250 1835
1306 3220 1405 3261 pag.
1440 3207 1547 3262 203)
1590 3207 1783 3262 negavit.
1855 3206 1937 3260 Qui
1981 3220 2107 3259 quam
2147 3208 2428 3251 vehementer
