2774 3681
1216 229 1508 272 -22-

277 377 279 379 ·
332 359 460 405 exilio
491 359 650 405 satiras
680 359 865 416 scriptas
895 373 990 407 esse
1030 360 1167 406 docet.
1217 359 1301 406 Sed
1331 360 1374 404 in
1406 371 1458 405 ea
1484 371 1534 404 re
1563 359 1672 404 bene
1701 358 1914 404 sentiebat
1942 364 2283 415 repugnaturum
2317 358 2398 404 sibi

329 422 643 483 nonneminem.
675 430 735 477 Et
765 425 919 477 merito
949 436 1231 488 repugnatur.
1263 431 1373 476 Nam
1403 430 1527 478 Paris
1559 434 1735 476 necatus
1765 433 1832 475 ost
1860 442 1900 474 a.
1932 428 2004 474 83.
2037 431 2154 485 Ergo
2183 432 2281 476 Juv.
2307 432 2394 475 iam

332 505 435 548 ante
455 514 553 548 eum
583 514 745 548 annum
765 498 985 560 relegatus
1005 505 1086 559 per
1115 506 1256 548 totum
1283 513 1421 558 paene
1440 501 1676 546 Domitiani
1696 501 1923 556 imperium
1943 500 2079 546 Roma
2112 501 2262 556 abfuit,
2284 501 2395 559 quod

310 574 370 618 *si
399 586 548 619 verum
586 578 666 628 est,
700 586 785 618 non
815 575 957 629 potuit
988 577 1079 618 tam
1110 574 1258 618 viridis
1288 574 1496 619 coloribus
1526 585 1822 629 perversorum
1853 572 1965 630 illius
1995 574 2201 629 temporis
2231 586 2395 618 morum

328 645 565 700 imaginem
596 646 641 689 in
661 645 803 689 satiris
836 645 949 687 1—‘7
982 645 1234 700 exprimere.
1273 645 1437 690 Idcirco
1470 644 1740 689 Hermannus
1770 656 1816 689 se
1847 646 2002 699 putare
2033 643 2141 688 dixit
2162 643 2394 701 „Domitia-

328 728 434 762 num
465 717 598 760 etiam
628 719 724 772 post
744 716 912 776 Paridis
934 727 1082 759 necem
1108 716 1300 761 versibus
1331 716 1478 762 lacessi
1509 716 1710 771 potuisse,
1742 714 1815 771 qui
1845 717 2037 768 veterem
2067 714 2147 760 sibi
2177 715 2392 770 ignaviam

299 802 304 806 ·
329 787 687 841 opprobrarent.“
729 788 901 839 Fateor,
934 786 1009 828 sed
1049 787 1085 828 si
1117 787 1171 828 de
1208 791 1355 830 vetere
1395 798 1473 830 sua
1502 786 1675 840 ignavia
1715 786 1980 839 cogitaverit,
2014 785 2281 830 Domitianus
2311 797 2392 829 non

331 858 488 911 potuit,
523 858 625 912 quin
655 857 884 912 opprobrio
915 857 986 899 illo
1027 867 1110 899 non
1148 860 1238 900 tam
1269 857 1483 909 Paridem,
1516 868 1644 912 quam
1674 858 1810 901 semet
1844 855 1983 912 ipsum
2015 855 2271 912 castigatum
2302 867 2393 901 esse

331 927 541 972 crederet.
575 928 775 980 Mitigata
811 932 957 969 autem
993 928 1068 969 illa
1100 939 1250 981 poena,
1285 929 1364 970 etsi
1396 940 1474 982 per
1504 940 1549 971 se
1581 931 1763 970 naturae
1803 931 1848 970 et
1878 927 2050 980 ingenio
2081 927 2193 970 illius
2224 927 2392 982 tyranni

332 999 582 1052 neutiquam
603 998 847 1052 respondet,
870 1002 1016 1040 tamen
1038 998 1209 1053 placere
1225 1010 1540 1052 nonnumquam
1562 998 1712 1053 potuit,
1736 1009 1830 1041 cum
1853 997 1907 1041 de
1931 997 2187 1051 primoribus
2208 991 2392 1052 aliquem

330 1081 511 1124 quocum
541 1069 623 1123 ipsi
650 1081 729 1112 nec
758 1081 828 1111 res
860 1080 999 1122 neque
1020 1081 1120 1111 usus
1142 1073 1254 1111 esset
1274 1069 1519 1112 lacessitum
1541 1069 1716 1122 videret,
1741 1081 1839 1112 nam
1861 1067 2086 1112 Suetonius
2107 1069 2228 1112 Dom.
2253 1080 2344 1124 cap.
2363 1068 2390 1112 8

329 1139 475 1194 refert,
509 1153 606 1184 eum
639 1141 828 1196 „scripta
859 1141 1022 1184 famosa
1048 1142 1261 1194 vulgoque
1292 1142 1421 1193 edita,
1453 1141 1603 1196 quibus
1634 1141 1843 1195 primores
1874 1140 1956 1183 viri
1978 1152 2028 1183 ac
2058 1139 2241 1184 feminae
2273 1144 2391 1185 nota-

328 1204 490 1261 rentur,
519 1212 754 1254 abolevisse
774 1224 857 1253 non
889 1213 979 1254 sine
1001 1216 1222 1254 auctorum
1245 1213 1519 1264 ignominia.“
1544 1212 1701 1254 Verum
1723 1212 1835 1253 enim
1857 1223 1957 1254 vero
1989 1212 2163 1253 summis
2193 1211 2390 1254 cruciati-

333 1281 616 1337 busdignum
646 1281 840 1337 putabat,
873 1283 909 1325 si
941 1283 1036 1336 quis
1068 1286 1215 1326 contra
1245 1287 1381 1326 semet
1411 1284 1548 1336 ipsum
1594 1283 1753 1337 aliquid
1799 1283 2089 1325 commisisset.
2122 1282 2391 1335 Quapropter

330 1353 366 1397 si
397 1352 480 1396 illis
502 1352 724 1397 ‚Iuvenalis
744 1352 937 1397 versibus
968 1365 1087 1397 suam
1118 1353 1493 1407 reprehensionem
1523 1354 1662 1396 inesse
1683 1353 1879 1407 opinatus
1909 1357 2037 1405 esset,
2060 1353 2392 1407 haudquaquam

328 1423 443 1477 „leve
463 1428 500 1467 et
527 1423 713 1467 ioculare
743 1423 963 1467 delictum“
996 1423 1157 1467 factum
1189 1435 1280 1467 esse
1300 1424 1550 1477 putavisset.
1575 1423 1630 1467 Et
1662 1423 1747 1466 alia
1776 1422 1845 1466 hic
1883 1423 2075 1477 quaestio
2108 1427 2242 1476 patet.
2281 1424 2389 1475 Quid

329 1494 383 1537 de
414 1495 551 1537 satira
581 1495 777 1549 septima,
810 1494 854 1537 in
886 1505 971 1549 qua
992 1493 1118 1538 hodie
1150 1492 1304 1538 fatales
1335 1493 1396 1538 illi
1419 1505 1567 1538 versus
1596 1491 1833 1548 leguntur?
1865 1505 1994 1547 quam
2014 1492 2259 1537 Domitiano
2290 1508 2388 1548 reg-

327 1569 459 1608 nante
481 1565 685 1619 scriptam
702 1576 785 1607 non
806 1575 900 1608 esse
914 1564 1052 1620 primo
1069 1564 1285 1608 oculorum
1302 1564 1455 1608 obtutu
1470 1564 1736 1620 perspicitur.
1770 1563 2036 1620 Quamquam
2053 1576 2135 1608 non
2151 1563 2388 1619 defuerunt,

327 1638 400 1687 qui
421 1637 570 1677 laudes
596 1636 691 1676 illas
712 1640 875 1676 temere
907 1637 962 1676 ad
996 1648 1093 1676 eum
1117 1635 1371 1676 conferrent.
1395 1635 1524 1676 Velut
1546 1635 1641 1677 Car.
1665 1634 1920 1677 Schmidtius
1941 1634 2010 1689 (D.
2044 1634 2143 1676 Jun.
2166 1634 2193 1677 J
2196 1647 2262 1678 uv.
2287 1636 2388 1679 sati-

326 1718 472 1749 rarum
504 1705 706 1757 delectus,
739 1705 946 1747 Bielefeld
980 1705 1112 1758 1835)
1145 1705 1467 1757 „cavillatorie“
1499 1705 1583 1748 illic
1605 1706 1905 1761 imperatorem
1936 1705 2106 1748 laudari
2130 1706 2386 1759 arbitratum

327 1777 442 1831 quod
474 1777 578 1818 nulli
600 1789 802 1831 umquam
824 1776 1112 1829 persuadebit.
1142 1777 1260 1827 Quae
1291 1789 1385 1819 cum
1409 1777 1471 1819 ita
1502 1777 1600 1827 sint,
1631 1777 1900 1819 Hermannus
1935 1782 1977 1819 et
1998 1777 2216 1828 WeberuS‚
2239 1781 2388 1831 utpote

327 1849 401 1902 qui
424 1847 647 1892 Schmidtii
677 1848 834 1891 rationi
865 1848 928 1891 ita
954 1848 1297 1899 adversarentur,
1331 1852 1379 1890 ut
1410 1848 1550 1891 eidem
1582 1849 1695 1890 inter
1726 1860 1771 1890 se
1792 1839 2078 1898 dissentirent,
2113 1850 2242 1891 aliam
2274 1850 2386 1892 viam

328 1931 501 1964 necesse
532 1922 629 1964 erat
659 1919 828 1963 inirent.
861 1919 1108 1962 Hermanno
1134 1919 1267 1973 igitur
1297 1920 1323 1962 1.
1348 1919 1374 1962 l.
1399 1932 1497 1974 pag.
1530 1920 1559 1962 4
1591 1920 1694 1963 illud
1726 1921 1839 1963 vitae
1869 1920 1972 1963 VII:
2007 1921 2172 1976 „primo
2202 1921 2389 1964 carmina

327 1991 505 2042 edidit,
529 2003 640 2045 quae
660 1994 809 2045 postea
830 1991 1009 2034 inseruit
1036 2023 1045 2032 .
1071 2023 1079 2032 .
1105 1991 1144 2033 .“
1172 2004 1325 2045 parum
1357 1992 1502 2035 critice
1534 1993 1724 2046 arripere
1755 1992 1927 2046 placuit,
1963 1995 2010 2035 ut
2041 1993 2239 2045 exiguam
2270 1993 2386 2036 illam

326 2074 559 2116 paucorum
600 2074 796 2105 versuum
839 2062 1017 2104 satiram
1050 2062 1135 2104 iam
1167 2062 1409 2105 Domitiano
1441 2067 1650 2116 regnante
1691 2063 1948 2117 publicatam
1992 2075 2126 2116 eoque
2173 2063 2296 2107 modo
2343 2064 2385 2106 in

326 2133 521 2177 Caesaris
552 2134 748 2176 notitiam
780 2133 992 2186 perlatam
1025 2145 1118 2176 esse
1148 2134 1404 2176 ostenderet.
1438 2134 1488 2176 Id
1519 2146 1614 2177 cum
1653 2135 1816 2186 statuit,
1848 2146 1977 2177 unum
2011 2138 2056 2177 et
2086 2146 2168 2177 non
2201 2137 2385 2177 contem-

326 2205 510 2248 nendum
542 2196 843 2258 argumentum
875 2205 1134 2247 contrarium
1166 2205 1367 2258 neglexit.
1390 2205 1574 2248 Exstant
1606 2205 1718 2247 enim
1749 2205 1791 2247 in
1824 2205 2033 2248 Martialis
2054 2205 2162 2248 libro
2186 2205 2277 2248 VII.
2302 2206 2384 2248 duo

326 2276 643 2330 epigrammata
687 2274 744 2317 24
782 2279 825 2318 et
856 2274 926 2327 91,
961 2287 1140 2328 quorum
1183 2275 1366 2318 alterum
1399 2280 1565 2319 arctam
1598 2279 1750 2330 poetae
1782 2288 1875 2319 cum
1912 2276 1939 2320 J
1942 2276 2120 2320 uvenale
2156 2276 2386 2320 necessitu-

327 2348 469 2390 dinem
501 2350 701 2398 testatur,
726 2346 908 2389 alterum
941 2347 1145 2400 scriptum
1171 2351 1236 2389 est
1267 2347 1320 2389 de
1351 2347 1563 2390 Martialis
1595 2347 1747 2400 agello,
1780 2347 1892 2390 unde
1923 2348 2057 2390 amico
2089 2360 2215 2390 nuces
2245 2351 2385 2390 satur·

324 2418 501 2461 nalicias
531 2418 677 2472 mittit.
710 2416 801 2460 Hoc
831 2417 874 2459 in
897 2417 1085 2460 carmine
1106 2417 1199 2471 (91)
1223 2416 1495 2460 facundum
1517 2418 1710 2471 appellat
1731 2417 1757 2460 J
1760 2418 1994 2467 uvenalem,
2018 2430 2128 2471 quae
2155 2418 2385 2472 appellatio

324 2490 386 2532 eis
409 2488 499 2531 VV.
519 2488 609 2540 DD,
645 2488 717 2540 qui
747 2487 999 2530 Juvenalem
1022 2500 1099 2541 per
1119 2487 1351 2531 Domitiani
1373 2489 1599 2543 imperium
1633 2488 1944 2532 declamatoriis
1975 2491 2144 2532 tantum
2177 2490 2384 2533 exercita-

322 2559 508 2603 tionibus
530 2571 706 2612 operam
728 2558 908 2609 dedisse,
931 2559 1118 2601 nondum
1148 2559 1191 2601 in
1227 2560 1370 2601 satiris
1402 2560 1634 2602 scribendis
1665 2564 1879 2602 versatum
1914 2572 2005 2602 esse
2028 2560 2282 2610 iudicarent,
2304 2561 2385 2603 rite

323 2642 491 2683 semper
526 2629 816 2672 testimonium
847 2629 1150 2682 suppeditavit.
1196 2629 1307 2671 Nam
1348 2642 1498 2672 novem
1533 2631 1697 2682 priores
1728 2630 1938 2672 Martialis
1978 2629 2076 2672 libri
2107 2630 2222 2672 intra
2254 2642 2383 2672 annos

323 2700 380 2743 82
412 2703 455 2743 et
476 2699 535 2742 95
557 2702 614 2753 (v.
638 2699 931 2743 Schneidewin
964 2699 1086 2752 prou,
1110 2699 1152 2742 in
1179 2699 1309 2742 Mart.
1334 2712 1431 2754 pag.
1456 2699 1532 2742 III.
1558 2704 1601 2743 et
1632 2699 1909 2744 Friedlander
1940 2700 1993 2743 de
2024 2703 2114 2753 tpp.
2137 2699 2231 2744 libr.
2255 2699 2382 2743 Mart.

322 2782 420 2826 pag.
456 2770 524 2824 10,
558 2770 632 2826 qui
663 2770 891 2825 septimum
924 2769 1078 2813 librum
1110 2784 1136 2813 a
1164 2769 1221 2813 93
1254 2771 1453 2815 emissum
1486 2783 1581 2815 esse
1612 2771 1893 2823 demonstrat)
1925 2772 2150 2825 conscripti
2182 2771 2383 2814 extremis

320 2842 557 2886 Domitiani
593 2842 715 2885 annis
749 2842 793 2884 in
827 2841 963 2884 lucem
997 2841 1101 2884 editi
1127 2845 1236 2884 sunt.
1274 2841 1397 2885 Unde
1429 2854 1524 2885 cum
1546 2842 1769 2896 perspicue
1800 2842 2100 2896 intellegamus
2131 2842 2383 2885 «Iuvenalem

323 2913 567 2956 Domitiano
597 2916 808 2965 regnante
838 2912 974 2954 Roma
1015 2924 1097 2954 non
1138 2912 1321 2955 abfuisse
1352 2918 1397 2955 et
1427 2913 1640 2955 rationem
1671 2913 1786 2955 haud
1819 2913 2058 2955 abstrusam
2090 2916 2238 2955 contra
2270 2911 2384 2954 exilii

320 2995 503 3038 poenam
526 2981 580 3027 ab
601 2982 673 3027 illo
699 2983 937 3037 irrogatam
959 2983 1176 3036 ducamus,
1199 2988 1291 3026 tum
1314 2985 1474 3027 nullam
1506 2985 1592 3026 iam
1617 2985 1688 3026 illo
1710 2989 1903 3037 tempore
1926 2999 1952 3027 a
1973 2986 2000 3027 J
2003 2986 2183 3027 uvenale
2203 2985 2381 3026 satiram

318 3053 474 3107 publici
497 3054 600 3097 iuris
633 3053 791 3098 factam
824 3052 953 3097 fuisse
979 3067 1056 3108 pro
1078 3060 1194 3097 certo
1217 3055 1476 3108 collegimus.
1510 3054 1649 3107 Magis
1671 3067 1771 3099 vero
1803 3068 1932 3108 quam
1965 3055 2077 3108 quod
2111 3055 2380 3098 Hermannus
