<?xml version="1.0" encoding="UTF-8"?>
<!DOCTYPE html PUBLIC "-//W3C//DTD XHTML 1.0 Transitional//EN"
    "http://www.w3.org/TR/xhtml1/DTD/xhtml1-transitional.dtd">
<html xmlns="http://www.w3.org/1999/xhtml" xml:lang="en" lang="en">
 <head>
  <title>
</title>
<meta http-equiv="Content-Type" content="text/html;charset=utf-8" />
  <meta name='ocr-system' content='tesseract 3.04.00' />
  <meta name='ocr-capabilities' content='ocr_page ocr_carea ocr_par ocr_line ocrx_word'/>
</head>
<body>
  <div class='ocr_page' id='page_1' title='image "4769578_0025.png"; bbox 0 0 2774 3681; ppageno 0'>
   <div class='ocr_carea' id='block_1_1' title="bbox 1227 293 1514 334">
    <p class='ocr_par' dir='ltr' id='par_1_1' title="bbox 1227 293 1514 334">
     <span class='ocr_line' id='line_1_1' title="bbox 1227 293 1514 334; baseline 0 -13"><span class='ocrx_word' id='word_1_1' title='bbox 1227 293 1514 334; x_wconf 71' lang='lat'><strong>-17-</strong></span> 
     </span>
    </p>
   </div>
   <div class='ocr_carea' id='block_1_2' title="bbox 343 419 2425 2601">
    <p class='ocr_par' dir='ltr' id='par_1_2' title="bbox 343 419 2425 1535">
     <span class='ocr_line' id='line_1_2' title="bbox 346 419 2398 476; baseline -0.001 -10"><span class='ocrx_word' id='word_1_2' title='bbox 346 420 518 472; x_wconf 85' lang='lat' dir='ltr'>scholia,</span> <span class='ocrx_word' id='word_1_3' title='bbox 550 432 661 476; x_wconf 89' lang='lat' dir='ltr'>quae</span> <span class='ocrx_word' id='word_1_4' title='bbox 691 421 811 465; x_wconf 85' lang='lat' dir='ltr'><strong>codd.</strong></span> <span class='ocrx_word' id='word_1_5' title='bbox 844 420 890 465; x_wconf 93' lang='lat' dir='ltr'>P.</span> <span class='ocrx_word' id='word_1_6' title='bbox 924 425 969 466; x_wconf 91' lang='lat' dir='ltr'>et</span> <span class='ocrx_word' id='word_1_7' title='bbox 998 421 1039 466; x_wconf 90' lang='lat' dir='ltr'>S.</span> <span class='ocrx_word' id='word_1_8' title='bbox 1063 421 1326 474; x_wconf 82' lang='lat' dir='ltr'>exhiberent,</span> <span class='ocrx_word' id='word_1_9' title='bbox 1349 433 1432 464; x_wconf 92' lang='lat' dir='ltr'>non</span> <span class='ocrx_word' id='word_1_10' title='bbox 1456 420 1644 464; x_wconf 89' lang='lat' dir='ltr'>eiusdem</span> <span class='ocrx_word' id='word_1_11' title='bbox 1674 420 1817 464; x_wconf 90' lang='lat' dir='ltr'>omnia</span> <span class='ocrx_word' id='word_1_12' title='bbox 1838 424 1915 463; x_wconf 89' lang='lat' dir='ltr'>aut</span> <span class='ocrx_word' id='word_1_13' title='bbox 1936 420 2118 463; x_wconf 87' lang='lat' dir='ltr'>auctoris</span> <span class='ocrx_word' id='word_1_14' title='bbox 2139 422 2216 463; x_wconf 89' lang='lat' dir='ltr'>aut</span> <span class='ocrx_word' id='word_1_15' title='bbox 2237 419 2398 463; x_wconf 88' lang='lat' dir='ltr'>aetatis</span> 
     </span>
     <span class='ocr_line' id='line_1_3' title="bbox 343 485 2396 548; baseline -0.002 -11"><span class='ocrx_word' id='word_1_16' title='bbox 343 485 440 537; x_wconf 81' lang='lat' dir='ltr'>esse</span> <span class='ocrx_word' id='word_1_17' title='bbox 468 491 756 535; x_wconf 85' lang='lat' dir='ltr'>demonstravi</span> <span class='ocrx_word' id='word_1_18' title='bbox 788 493 845 547; x_wconf 87' lang='lat' dir='ltr'>(v.</span> <span class='ocrx_word' id='word_1_19' title='bbox 879 505 1010 547; x_wconf 89' lang='lat' dir='ltr'>supra</span> <span class='ocrx_word' id='word_1_20' title='bbox 1040 506 1139 548; x_wconf 88' lang='lat' dir='ltr'>pag.</span> <span class='ocrx_word' id='word_1_21' title='bbox 1168 494 1196 536; x_wconf 87' lang='lat'>6</span> <span class='ocrx_word' id='word_1_22' title='bbox 1227 493 1322 547; x_wconf 87' lang='lat' dir='ltr'>sq.).</span> <span class='ocrx_word' id='word_1_23' title='bbox 1355 491 1465 535; x_wconf 88' lang='lat' dir='ltr'>Nam</span> <span class='ocrx_word' id='word_1_24' title='bbox 1496 492 1564 535; x_wconf 90' lang='lat' dir='ltr'>vel</span> <span class='ocrx_word' id='word_1_25' title='bbox 1595 491 1779 546; x_wconf 89' lang='lat' dir='ltr'>plurima</span> <span class='ocrx_word' id='word_1_26' title='bbox 1808 502 1860 534; x_wconf 89' lang='lat' dir='ltr'>ea</span> <span class='ocrx_word' id='word_1_27' title='bbox 1882 494 1972 534; x_wconf 92' lang='lat' dir='ltr'>tum</span> <span class='ocrx_word' id='word_1_28' title='bbox 1994 490 2165 533; x_wconf 87' lang='lat' dir='ltr'>demum</span> <span class='ocrx_word' id='word_1_29' title='bbox 2184 494 2282 534; x_wconf 89' lang='lat' dir='ltr'>orta</span> <span class='ocrx_word' id='word_1_30' title='bbox 2301 502 2396 534; x_wconf 87' lang='lat' dir='ltr'>esse</span> 
     </span>
     <span class='ocr_line' id='line_1_4' title="bbox 349 557 2399 618; baseline -0.001 -11"><span class='ocrx_word' id='word_1_31' title='bbox 349 562 484 615; x_wconf 89' lang='lat' dir='ltr'>docui,</span> <span class='ocrx_word' id='word_1_32' title='bbox 515 557 795 617; x_wconf 81' lang='lat' dir='ltr'>posteaquam</span> <span class='ocrx_word' id='word_1_33' title='bbox 827 569 870 607; x_wconf 91' lang='lat' dir='ltr'>et</span> <span class='ocrx_word' id='word_1_34' title='bbox 900 564 1024 608; x_wconf 88' lang='lat' dir='ltr'>lectio</span> <span class='ocrx_word' id='word_1_35' title='bbox 1055 568 1101 608; x_wconf 93' lang='lat' dir='ltr'>et</span> <span class='ocrx_word' id='word_1_36' title='bbox 1130 563 1428 618; x_wconf 80' lang='lat' dir='ltr'>interpretatio</span> <span class='ocrx_word' id='word_1_37' title='bbox 1459 563 1687 606; x_wconf 86' lang='lat' dir='ltr'>satirarum</span> <span class='ocrx_word' id='word_1_38' title='bbox 1718 576 1744 606; x_wconf 90' lang='lat' dir='ltr'>a</span> <span class='ocrx_word' id='word_1_39' title='bbox 1770 561 1914 605; x_wconf 89' lang='lat' dir='ltr'>multis</span> <span class='ocrx_word' id='word_1_40' title='bbox 1936 562 2094 615; x_wconf 88' lang='lat' dir='ltr'>agitari</span> <span class='ocrx_word' id='word_1_41' title='bbox 2114 563 2265 615; x_wconf 81' lang='lat' dir='ltr'>coepta</span> <span class='ocrx_word' id='word_1_42' title='bbox 2284 564 2399 605; x_wconf 83' lang='lat' dir='ltr'>esset</span> 
     </span>
     <span class='ocr_line' id='line_1_5' title="bbox 346 631 2397 686; baseline -0.001 -10"><span class='ocrx_word' id='word_1_43' title='bbox 346 645 456 676; x_wconf 90' lang='lat' dir='ltr'>saec.</span> <span class='ocrx_word' id='word_1_44' title='bbox 487 632 561 675; x_wconf 88' lang='lat' dir='ltr'>IV.</span> <span class='ocrx_word' id='word_1_45' title='bbox 584 637 630 675; x_wconf 88' lang='lat' dir='ltr'>et</span> <span class='ocrx_word' id='word_1_46' title='bbox 659 633 709 675; x_wconf 91' lang='lat' dir='ltr'>V.</span> <span class='ocrx_word' id='word_1_47' title='bbox 741 633 848 676; x_wconf 90' lang='lat' dir='ltr'>Tum</span> <span class='ocrx_word' id='word_1_48' title='bbox 880 639 1022 676; x_wconf 87' lang='lat' dir='ltr'>autem</span> <span class='ocrx_word' id='word_1_49' title='bbox 1055 635 1143 677; x_wconf 88' lang='lat' dir='ltr'>vita</span> <span class='ocrx_word' id='word_1_50' title='bbox 1173 635 1259 677; x_wconf 88' lang='lat' dir='ltr'>iam</span> <span class='ocrx_word' id='word_1_51' title='bbox 1291 640 1392 676; x_wconf 89' lang='lat' dir='ltr'>ante</span> <span class='ocrx_word' id='word_1_52' title='bbox 1422 634 1466 676; x_wconf 90' lang='lat' dir='ltr'>id</span> <span class='ocrx_word' id='word_1_53' title='bbox 1497 637 1664 686; x_wconf 89' lang='lat' dir='ltr'>tempus</span> <span class='ocrx_word' id='word_1_54' title='bbox 1695 632 1885 676; x_wconf 86' lang='lat' dir='ltr'>Suetonii</span> <span class='ocrx_word' id='word_1_55' title='bbox 1922 631 2031 675; x_wconf 92' lang='lat' dir='ltr'>libro</span> <span class='ocrx_word' id='word_1_56' title='bbox 2062 636 2207 675; x_wconf 84' lang='lat' dir='ltr'>assuta</span> <span class='ocrx_word' id='word_1_57' title='bbox 2236 631 2397 675; x_wconf 83' lang='lat' dir='ltr'>cunctis</span> 
     </span>
     <span class='ocr_line' id='line_1_6' title="bbox 347 701 2397 758; baseline 0 -13"><span class='ocrx_word' id='word_1_58' title='bbox 347 701 636 758; x_wconf 83' lang='lat' dir='ltr'>grammaticis</span> <span class='ocrx_word' id='word_1_59' title='bbox 667 707 839 756; x_wconf 89' lang='lat' dir='ltr'>praesto</span> <span class='ocrx_word' id='word_1_60' title='bbox 869 708 976 747; x_wconf 86' lang='lat' dir='ltr'>erat.</span> <span class='ocrx_word' id='word_1_61' title='bbox 1010 704 1115 748; x_wconf 91' lang='lat' dir='ltr'>Inde</span> <span class='ocrx_word' id='word_1_62' title='bbox 1145 704 1278 758; x_wconf 87' lang='lat' dir='ltr'>igitur</span> <span class='ocrx_word' id='word_1_63' title='bbox 1307 707 1502 757; x_wconf 83' lang='lat' dir='ltr'>sumptae</span> <span class='ocrx_word' id='word_1_64' title='bbox 1528 707 1654 746; x_wconf 89' lang='lat' dir='ltr'>notae</span> <span class='ocrx_word' id='word_1_65' title='bbox 1685 703 1896 757; x_wconf 86' lang='lat' dir='ltr'>quaedam</span> <span class='ocrx_word' id='word_1_66' title='bbox 1928 702 1982 745; x_wconf 84' lang='lat' dir='ltr'>de</span> <span class='ocrx_word' id='word_1_67' title='bbox 2007 702 2103 744; x_wconf 87' lang='lat' dir='ltr'>Juv.</span> <span class='ocrx_word' id='word_1_68' title='bbox 2129 702 2218 745; x_wconf 87' lang='lat' dir='ltr'>vita</span> <span class='ocrx_word' id='word_1_69' title='bbox 2247 701 2397 745; x_wconf 89' lang='lat' dir='ltr'>scholi-</span> 
     </span>
     <span class='ocr_line' id='line_1_7' title="bbox 346 774 2395 829; baseline 0 -13"><span class='ocrx_word' id='word_1_70' title='bbox 346 786 465 816; x_wconf 89' lang='lat' dir='ltr'>orum</span> <span class='ocrx_word' id='word_1_71' title='bbox 498 774 665 827; x_wconf 87' lang='lat' dir='ltr'>corpori</span> <span class='ocrx_word' id='word_1_72' title='bbox 695 775 853 828; x_wconf 87' lang='lat' dir='ltr'>passim</span> <span class='ocrx_word' id='word_1_73' title='bbox 891 775 1022 818; x_wconf 90' lang='lat' dir='ltr'>inseri</span> <span class='ocrx_word' id='word_1_74' title='bbox 1051 779 1292 829; x_wconf 89' lang='lat' dir='ltr'>potuerunt.</span> <span class='ocrx_word' id='word_1_75' title='bbox 1325 774 1445 827; x_wconf 90' lang='lat' dir='ltr'>Quod</span> <span class='ocrx_word' id='word_1_76' title='bbox 1476 778 1525 818; x_wconf 94' lang='lat' dir='ltr'>ut</span> <span class='ocrx_word' id='word_1_77' title='bbox 1554 774 1693 818; x_wconf 89' lang='lat' dir='ltr'>minus</span> <span class='ocrx_word' id='word_1_78' title='bbox 1725 775 1879 817; x_wconf 92' lang='lat' dir='ltr'>mirum</span> <span class='ocrx_word' id='word_1_79' title='bbox 1919 774 2128 826; x_wconf 86' lang='lat' dir='ltr'>videatur,</span> <span class='ocrx_word' id='word_1_80' title='bbox 2170 774 2261 817; x_wconf 89' lang='lat' dir='ltr'>iure</span> <span class='ocrx_word' id='word_1_81' title='bbox 2300 786 2395 817; x_wconf 87' lang='lat' dir='ltr'>meo</span> 
     </span>
     <span class='ocr_line' id='line_1_8' title="bbox 347 843 2396 900; baseline 0 -14"><span class='ocrx_word' id='word_1_82' title='bbox 347 844 414 887; x_wconf 79' lang='lat' dir='ltr'>liic</span> <span class='ocrx_word' id='word_1_83' title='bbox 446 843 601 887; x_wconf 84' lang='lat' dir='ltr'>afferre</span> <span class='ocrx_word' id='word_1_84' title='bbox 632 857 757 897; x_wconf 87' lang='lat' dir='ltr'>posse</span> <span class='ocrx_word' id='word_1_85' title='bbox 777 846 938 898; x_wconf 88' lang='lat' dir='ltr'>videor,</span> <span class='ocrx_word' id='word_1_86' title='bbox 963 858 1073 900; x_wconf 90' lang='lat' dir='ltr'>quae</span> <span class='ocrx_word' id='word_1_87' title='bbox 1093 846 1294 888; x_wconf 86' lang='lat' dir='ltr'>Pithoeus</span> <span class='ocrx_word' id='word_1_88' title='bbox 1317 846 1372 888; x_wconf 86' lang='lat' dir='ltr'>ad</span> <span class='ocrx_word' id='word_1_89' title='bbox 1394 846 1624 889; x_wconf 88' lang='lat' dir='ltr'>editionem</span> <span class='ocrx_word' id='word_1_90' title='bbox 1647 858 1767 888; x_wconf 86' lang='lat' dir='ltr'>suam</span> <span class='ocrx_word' id='word_1_91' title='bbox 1793 844 1912 888; x_wconf 45' lang='lat'>1585*</span> <span class='ocrx_word' id='word_1_92' title='bbox 1929 844 1982 888; x_wconf 89' lang='lat' dir='ltr'>de</span> <span class='ocrx_word' id='word_1_93' title='bbox 2005 848 2163 888; x_wconf 89' lang='lat' dir='ltr'>natura</span> <span class='ocrx_word' id='word_1_94' title='bbox 2184 857 2234 887; x_wconf 90' lang='lat' dir='ltr'>ac</span> <span class='ocrx_word' id='word_1_95' title='bbox 2256 845 2396 898; x_wconf 87' lang='lat' dir='ltr'>specie</span> 
     </span>
     <span class='ocr_line' id='line_1_9' title="bbox 347 915 2396 972; baseline -0 -12"><span class='ocrx_word' id='word_1_96' title='bbox 347 915 600 960; x_wconf 85' lang='lat' dir='ltr'>scholiorum</span> <span class='ocrx_word' id='word_1_97' title='bbox 619 928 790 959; x_wconf 89' lang='lat' dir='ltr'>suorum</span> <span class='ocrx_word' id='word_1_98' title='bbox 805 917 1025 971; x_wconf 87' lang='lat' dir='ltr'>praefatus</span> <span class='ocrx_word' id='word_1_99' title='bbox 1042 922 1124 961; x_wconf 88' lang='lat' dir='ltr'>est:</span> <span class='ocrx_word' id='word_1_100' title='bbox 1145 918 1263 972; x_wconf 85' lang='lat' dir='ltr'>„Ego</span> <span class='ocrx_word' id='word_1_101' title='bbox 1277 918 1419 967; x_wconf 84' lang='lat' dir='ltr'>ver0‚“</span> <span class='ocrx_word' id='word_1_102' title='bbox 1438 918 1588 970; x_wconf 88' lang='lat' dir='ltr'>inquit,</span> <span class='ocrx_word' id='word_1_103' title='bbox 1610 917 1748 972; x_wconf 81' lang='lat' dir='ltr'>„quod</span> <span class='ocrx_word' id='word_1_104' title='bbox 1766 917 1919 960; x_wconf 87' lang='lat' dir='ltr'>ceteris</span> <span class='ocrx_word' id='word_1_105' title='bbox 1937 917 2028 960; x_wconf 84' lang='lat' dir='ltr'>fere</span> <span class='ocrx_word' id='word_1_106' title='bbox 2044 921 2236 960; x_wconf 82' lang='lat' dir='ltr'>veterum</span> <span class='ocrx_word' id='word_1_107' title='bbox 2255 928 2396 969; x_wconf 89' lang='lat' dir='ltr'>gram-</span> 
     </span>
     <span class='ocr_line' id='line_1_10' title="bbox 345 987 2397 1040; baseline -0 -10"><span class='ocrx_word' id='word_1_108' title='bbox 345 987 595 1030; x_wconf 88' lang='lat' dir='ltr'>maticorum</span> <span class='ocrx_word' id='word_1_109' title='bbox 628 987 775 1040; x_wconf 87' lang='lat' dir='ltr'>glossis</span> <span class='ocrx_word' id='word_1_110' title='bbox 806 992 850 1030; x_wconf 91' lang='lat' dir='ltr'>et</span> <span class='ocrx_word' id='word_1_111' title='bbox 880 989 1208 1039; x_wconf 76' lang='lat' dir='ltr'>commentarii5‚</span> <span class='ocrx_word' id='word_1_112' title='bbox 1241 988 1353 1030; x_wconf 88' lang='lat' dir='ltr'>idem</span> <span class='ocrx_word' id='word_1_113' title='bbox 1386 992 1430 1031; x_wconf 90' lang='lat' dir='ltr'>et</span> <span class='ocrx_word' id='word_1_114' title='bbox 1460 987 1557 1029; x_wconf 89' lang='lat' dir='ltr'>huic</span> <span class='ocrx_word' id='word_1_115' title='bbox 1585 991 1731 1030; x_wconf 85' lang='lat' dir='ltr'>nostro</span> <span class='ocrx_word' id='word_1_116' title='bbox 1761 988 1959 1030; x_wconf 88' lang='lat' dir='ltr'>accidisse</span> <span class='ocrx_word' id='word_1_117' title='bbox 1982 987 2118 1037; x_wconf 85' lang='lat' dir='ltr'>video,</span> <span class='ocrx_word' id='word_1_118' title='bbox 2143 992 2191 1029; x_wconf 91' lang='lat' dir='ltr'>ut</span> <span class='ocrx_word' id='word_1_119' title='bbox 2212 1000 2265 1030; x_wconf 88' lang='lat' dir='ltr'>ex</span> <span class='ocrx_word' id='word_1_120' title='bbox 2285 988 2397 1030; x_wconf 82' lang='lat' dir='ltr'>vari-</span> 
     </span>
     <span class='ocr_line' id='line_1_11' title="bbox 345 1057 2396 1111; baseline 0.001 -13"><span class='ocrx_word' id='word_1_121' title='bbox 345 1069 465 1099; x_wconf 90' lang='lat' dir='ltr'>orum</span> <span class='ocrx_word' id='word_1_122' title='bbox 509 1057 705 1100; x_wconf 88' lang='lat' dir='ltr'>diversae</span> <span class='ocrx_word' id='word_1_123' title='bbox 745 1062 793 1100; x_wconf 92' lang='lat' dir='ltr'>ut</span> <span class='ocrx_word' id='word_1_124' title='bbox 833 1059 988 1101; x_wconf 88' lang='lat' dir='ltr'>aetatis</span> <span class='ocrx_word' id='word_1_125' title='bbox 1029 1059 1091 1101; x_wconf 90' lang='lat' dir='ltr'>ita</span> <span class='ocrx_word' id='word_1_126' title='bbox 1131 1058 1380 1100; x_wconf 89' lang='lat' dir='ltr'>eruditionis</span> <span class='ocrx_word' id='word_1_127' title='bbox 1425 1059 1710 1111; x_wconf 87' lang='lat' dir='ltr'>interpretum</span> <span class='ocrx_word' id='word_1_128' title='bbox 1751 1059 1859 1100; x_wconf 90' lang='lat' dir='ltr'>notis</span> <span class='ocrx_word' id='word_1_129' title='bbox 1899 1058 2127 1100; x_wconf 90' lang='lat' dir='ltr'>conflatum</span> <span class='ocrx_word' id='word_1_130' title='bbox 2171 1059 2309 1100; x_wconf 86' lang='lat' dir='ltr'>instar</span> <span class='ocrx_word' id='word_1_131' title='bbox 2350 1063 2396 1100; x_wconf 90' lang='lat' dir='ltr'>et</span> 
     </span>
     <span class='ocr_line' id='line_1_12' title="bbox 347 1128 2398 1183; baseline 0.001 -14"><span class='ocrx_word' id='word_1_132' title='bbox 347 1128 487 1182; x_wconf 89' lang='lat' dir='ltr'>ipsum</span> <span class='ocrx_word' id='word_1_133' title='bbox 520 1128 681 1171; x_wconf 84' lang='lat' dir='ltr'>satirae</span> <span class='ocrx_word' id='word_1_134' title='bbox 713 1132 839 1171; x_wconf 87' lang='lat' dir='ltr'>esset.</span> <span class='ocrx_word' id='word_1_135' title='bbox 874 1130 974 1183; x_wconf 90' lang='lat' dir='ltr'>quin</span> <span class='ocrx_word' id='word_1_136' title='bbox 1007 1133 1052 1172; x_wconf 91' lang='lat' dir='ltr'>et</span> <span class='ocrx_word' id='word_1_137' title='bbox 1082 1131 1125 1171; x_wconf 93' lang='lat' dir='ltr'>in</span> <span class='ocrx_word' id='word_1_138' title='bbox 1157 1129 1333 1182; x_wconf 91' lang='lat' dir='ltr'>antiquo</span> <span class='ocrx_word' id='word_1_139' title='bbox 1364 1128 1598 1181; x_wconf 87' lang='lat' dir='ltr'>exemplari</span> <span class='ocrx_word' id='word_1_140' title='bbox 1626 1141 1755 1181; x_wconf 87' lang='lat' dir='ltr'>saepe</span> <span class='ocrx_word' id='word_1_141' title='bbox 1776 1142 1844 1171; x_wconf 90' lang='lat' dir='ltr'>me</span> <span class='ocrx_word' id='word_1_142' title='bbox 1866 1129 1918 1171; x_wconf 88' lang='lat' dir='ltr'>ab</span> <span class='ocrx_word' id='word_1_143' title='bbox 1940 1129 2059 1171; x_wconf 91' lang='lat' dir='ltr'>initio</span> <span class='ocrx_word' id='word_1_144' title='bbox 2081 1141 2133 1171; x_wconf 86' lang='lat' dir='ltr'>ex</span> <span class='ocrx_word' id='word_1_145' title='bbox 2153 1129 2398 1182; x_wconf 85' lang='lat' dir='ltr'>marginum</span> 
     </span>
     <span class='ocr_line' id='line_1_13' title="bbox 345 1198 2401 1254; baseline 0 -13"><span class='ocrx_word' id='word_1_146' title='bbox 345 1198 593 1241; x_wconf 87' lang='lat' dir='ltr'>diversitate</span> <span class='ocrx_word' id='word_1_147' title='bbox 633 1199 1037 1253; x_wconf 86' lang='lat' dir='ltr'>interpretationum</span> <span class='ocrx_word' id='word_1_148' title='bbox 1069 1211 1236 1253; x_wconf 91' lang='lat' dir='ltr'>quoque</span> <span class='ocrx_word' id='word_1_149' title='bbox 1267 1199 1560 1242; x_wconf 87' lang='lat' dir='ltr'>diversitatem</span> <span class='ocrx_word' id='word_1_150' title='bbox 1593 1203 1766 1242; x_wconf 86' lang='lat' dir='ltr'>notasse</span> <span class='ocrx_word' id='word_1_151' title='bbox 1806 1199 2018 1241; x_wconf 80' lang='lat' dir='ltr'>memini.“</span> <span class='ocrx_word' id='word_1_152' title='bbox 2062 1198 2180 1249; x_wconf 89' lang='lat' dir='ltr'>Quae</span> <span class='ocrx_word' id='word_1_153' title='bbox 2211 1212 2308 1242; x_wconf 92' lang='lat' dir='ltr'>cum</span> <span class='ocrx_word' id='word_1_154' title='bbox 2337 1200 2401 1254; x_wconf 89' lang='lat' dir='ltr'>ita</span> 
     </span>
     <span class='ocr_line' id='line_1_14' title="bbox 345 1269 2400 1324; baseline 0.001 -13"><span class='ocrx_word' id='word_1_155' title='bbox 345 1269 440 1322; x_wconf 89' lang='lat' dir='ltr'>sint,</span> <span class='ocrx_word' id='word_1_156' title='bbox 485 1269 527 1311; x_wconf 93' lang='lat' dir='ltr'>in</span> <span class='ocrx_word' id='word_1_157' title='bbox 571 1269 722 1323; x_wconf 89' lang='lat' dir='ltr'>quibus</span> <span class='ocrx_word' id='word_1_158' title='bbox 753 1269 921 1313; x_wconf 79' lang='lat' dir='ltr'>scholiis</span> <span class='ocrx_word' id='word_1_159' title='bbox 952 1270 1005 1313; x_wconf 91' lang='lat' dir='ltr'>de</span> <span class='ocrx_word' id='word_1_160' title='bbox 1045 1270 1170 1314; x_wconf 85' lang='lat' dir='ltr'>exilio</span> <span class='ocrx_word' id='word_1_161' title='bbox 1203 1269 1304 1324; x_wconf 89' lang='lat' dir='ltr'>quid</span> <span class='ocrx_word' id='word_1_162' title='bbox 1344 1270 1510 1322; x_wconf 83' lang='lat' dir='ltr'>dicitur,</span> <span class='ocrx_word' id='word_1_163' title='bbox 1544 1282 1595 1313; x_wconf 89' lang='lat' dir='ltr'>ea</span> <span class='ocrx_word' id='word_1_164' title='bbox 1636 1282 1718 1313; x_wconf 89' lang='lat' dir='ltr'>non</span> <span class='ocrx_word' id='word_1_165' title='bbox 1751 1282 1775 1313; x_wconf 93' lang='lat' dir='ltr'>e</span> <span class='ocrx_word' id='word_1_166' title='bbox 1806 1269 2184 1312; x_wconf 87' lang='lat' dir='ltr'>vetustissimorum</span> <span class='ocrx_word' id='word_1_167' title='bbox 2221 1282 2400 1313; x_wconf 91' lang='lat' dir='ltr'>numero</span> 
     </span>
     <span class='ocr_line' id='line_1_15' title="bbox 346 1340 2396 1385; baseline 0.001 -2"><span class='ocrx_word' id='word_1_168' title='bbox 346 1351 437 1383; x_wconf 88' lang='lat' dir='ltr'>esse</span> <span class='ocrx_word' id='word_1_169' title='bbox 468 1343 706 1383; x_wconf 87' lang='lat' dir='ltr'>statuamus</span> <span class='ocrx_word' id='word_1_170' title='bbox 737 1352 843 1385; x_wconf 87' lang='lat' dir='ltr'>neve</span> <span class='ocrx_word' id='word_1_171' title='bbox 875 1341 931 1384; x_wconf 88' lang='lat' dir='ltr'>ad</span> <span class='ocrx_word' id='word_1_172' title='bbox 961 1341 1091 1384; x_wconf 88' lang='lat' dir='ltr'>vitam</span> <span class='ocrx_word' id='word_1_173' title='bbox 1122 1340 1287 1385; x_wconf 83' lang='lat' dir='ltr'>referre</span> <span class='ocrx_word' id='word_1_174' title='bbox 1318 1341 1572 1384; x_wconf 75' lang='lat' dir='ltr'>dubitemus·</span> <span class='ocrx_word' id='word_1_175' title='bbox 1605 1340 1712 1384; x_wconf 85' lang='lat' dir='ltr'>Sunt</span> <span class='ocrx_word' id='word_1_176' title='bbox 1744 1344 1888 1384; x_wconf 89' lang='lat' dir='ltr'>autem</span> <span class='ocrx_word' id='word_1_177' title='bbox 1919 1340 2046 1384; x_wconf 87' lang='lat' dir='ltr'>haec:</span> <span class='ocrx_word' id='word_1_178' title='bbox 2078 1340 2204 1384; x_wconf 89' lang='lat' dir='ltr'>schol.</span> <span class='ocrx_word' id='word_1_179' title='bbox 2230 1341 2285 1385; x_wconf 85' lang='lat' dir='ltr'>ad</span> <span class='ocrx_word' id='word_1_180' title='bbox 2315 1346 2396 1385; x_wconf 86' lang='lat' dir='ltr'>sat.</span> 
     </span>
     <span class='ocr_line' id='line_1_16' title="bbox 349 1411 2425 1465; baseline 0.001 -11"><span class='ocrx_word' id='word_1_181' title='bbox 349 1411 381 1454; x_wconf 91' lang='lat' dir='ltr'>I.</span> <span class='ocrx_word' id='word_1_182' title='bbox 417 1412 464 1464; x_wconf 91' lang='grc'>1;</span> <span class='ocrx_word' id='word_1_183' title='bbox 498 1411 626 1454; x_wconf 86' lang='lat' dir='ltr'>schol.</span> <span class='ocrx_word' id='word_1_184' title='bbox 660 1412 715 1455; x_wconf 88' lang='lat' dir='ltr'>ad</span> <span class='ocrx_word' id='word_1_185' title='bbox 746 1416 826 1455; x_wconf 88' lang='lat' dir='ltr'>sat.</span> <span class='ocrx_word' id='word_1_186' title='bbox 860 1412 932 1463; x_wconf 89' lang='lat' dir='ltr'>IV,</span> <span class='ocrx_word' id='word_1_187' title='bbox 966 1412 1045 1465; x_wconf 89' lang='grc'>38;</span> <span class='ocrx_word' id='word_1_188' title='bbox 1083 1412 1208 1455; x_wconf 87' lang='lat' dir='ltr'>schol.</span> <span class='ocrx_word' id='word_1_189' title='bbox 1243 1412 1298 1455; x_wconf 90' lang='lat' dir='ltr'>ad</span> <span class='ocrx_word' id='word_1_190' title='bbox 1330 1418 1410 1455; x_wconf 89' lang='lat' dir='ltr'>sat.</span> <span class='ocrx_word' id='word_1_191' title='bbox 1445 1412 1537 1465; x_wconf 93' lang='lat' dir='ltr'>VII,</span> <span class='ocrx_word' id='word_1_192' title='bbox 1572 1412 1650 1464; x_wconf 83' lang='lat'>92;</span> <span class='ocrx_word' id='word_1_193' title='bbox 1685 1411 1812 1455; x_wconf 92' lang='lat' dir='ltr'>schol.</span> <span class='ocrx_word' id='word_1_194' title='bbox 1848 1412 1902 1455; x_wconf 86' lang='lat' dir='ltr'>ad</span> <span class='ocrx_word' id='word_1_195' title='bbox 1934 1416 2012 1455; x_wconf 90' lang='lat' dir='ltr'>sat.</span> <span class='ocrx_word' id='word_1_196' title='bbox 2037 1411 2128 1463; x_wconf 88' lang='lat' dir='ltr'>XV,</span> <span class='ocrx_word' id='word_1_197' title='bbox 2152 1411 2221 1455; x_wconf 85' lang='lat'>27.</span> <span class='ocrx_word' id='word_1_198' title='bbox 2254 1412 2392 1457; x_wconf 89' lang='lat' dir='ltr'>Schol.</span> <span class='ocrx_word' id='word_1_199' title='bbox 2421 1431 2425 1432; x_wconf 44' lang='lat'><em>⁷</em></span> 
     </span>
     <span class='ocr_line' id='line_1_17' title="bbox 348 1483 868 1535; baseline 0.004 -11"><span class='ocrx_word' id='word_1_200' title='bbox 348 1483 400 1524; x_wconf 85' lang='lat' dir='ltr'>ad</span> <span class='ocrx_word' id='word_1_201' title='bbox 434 1486 514 1525; x_wconf 86' lang='lat' dir='ltr'>sat.</span> <span class='ocrx_word' id='word_1_202' title='bbox 547 1483 579 1535; x_wconf 92' lang='lat' dir='ltr'>I,</span> <span class='ocrx_word' id='word_1_203' title='bbox 616 1483 637 1524; x_wconf 86' lang='lat'>1</span> <span class='ocrx_word' id='word_1_204' title='bbox 671 1483 749 1526; x_wconf 93' lang='lat' dir='ltr'>hoc</span> <span class='ocrx_word' id='word_1_205' title='bbox 782 1488 868 1526; x_wconf 88' lang='lat' dir='ltr'>est:</span> 
     </span>
    </p>

    <p class='ocr_par' dir='ltr' id='par_1_3' title="bbox 347 1553 2401 2163">
     <span class='ocr_line' id='line_1_18' title="bbox 488 1553 2398 1610; baseline 0.002 -15"><span class='ocrx_word' id='word_1_206' title='bbox 488 1553 751 1597; x_wconf 83' lang='lat' dir='ltr'><strong><em>SEMPER</em></strong></span> <span class='ocrx_word' id='word_1_207' title='bbox 790 1554 925 1597; x_wconf 81' lang='lat' dir='ltr'><em>EGO.</em></span> <span class='ocrx_word' id='word_1_208' title='bbox 977 1554 1224 1597; x_wconf 60' lang='lat' dir='ltr'>&lt;Iuvenalem</span> <span class='ocrx_word' id='word_1_209' title='bbox 1256 1554 1394 1608; x_wconf 84' lang='lat' dir='ltr'>aliqui</span> <span class='ocrx_word' id='word_1_210' title='bbox 1427 1554 1604 1597; x_wconf 82' lang='lat' dir='ltr'>Gallum</span> <span class='ocrx_word' id='word_1_211' title='bbox 1627 1559 1804 1608; x_wconf 84' lang='lat' dir='ltr'>propter</span> <span class='ocrx_word' id='word_1_212' title='bbox 1834 1555 2022 1609; x_wconf 83' lang='lat' dir='ltr'>corporis</span> <span class='ocrx_word' id='word_1_213' title='bbox 2052 1556 2398 1610; x_wconf 74' lang='lat' dir='ltr'>maynitudincm,</span> 
     </span>
     <span class='ocr_line' id='line_1_19' title="bbox 347 1624 2399 1679; baseline 0.001 -13"><span class='ocrx_word' id='word_1_214' title='bbox 347 1624 484 1678; x_wconf 78' lang='lat' dir='ltr'>aliqui</span> <span class='ocrx_word' id='word_1_215' title='bbox 516 1625 772 1678; x_wconf 78' lang='lat' dir='ltr'>Aquinatem</span> <span class='ocrx_word' id='word_1_216' title='bbox 804 1626 964 1668; x_wconf 81' lang='lat' dir='ltr'>dicunt.</span> <span class='ocrx_word' id='word_1_217' title='bbox 998 1640 1046 1668; x_wconf 85' lang='lat' dir='ltr'>ea</span> <span class='ocrx_word' id='word_1_218' title='bbox 1089 1629 1275 1678; x_wconf 76' lang='lat' dir='ltr'>tempora</span> <span class='ocrx_word' id='word_1_219' title='bbox 1314 1624 1560 1668; x_wconf 81' lang='lat' dir='ltr'>Domitiani</span> <span class='ocrx_word' id='word_1_220' title='bbox 1603 1626 1788 1678; x_wconf 76' lang='lat' dir='ltr'>tyranni,</span> <span class='ocrx_word' id='word_1_221' title='bbox 1829 1626 1980 1678; x_wconf 79' lang='lat' dir='ltr'>quibus</span> <span class='ocrx_word' id='word_1_222' title='bbox 2010 1626 2136 1667; x_wconf 87' lang='lat' dir='ltr'>ctiam</span> <span class='ocrx_word' id='word_1_223' title='bbox 2168 1627 2260 1679; x_wconf 84' lang='lat' dir='ltr'>ipse</span> <span class='ocrx_word' id='word_1_224' title='bbox 2290 1627 2399 1669; x_wconf 78' lang='lat' dir='ltr'>vixit</span> 
     </span>
     <span class='ocr_line' id='line_1_20' title="bbox 347 1695 2400 1751; baseline 0 -13"><span class='ocrx_word' id='word_1_225' title='bbox 347 1709 390 1738; x_wconf 88' lang='lat' dir='ltr'>eo</span> <span class='ocrx_word' id='word_1_226' title='bbox 421 1696 530 1749; x_wconf 85' lang='lat' dir='ltr'>quod</span> <span class='ocrx_word' id='word_1_227' title='bbox 560 1696 607 1738; x_wconf 82' lang='lat' dir='ltr'>iu</span> <span class='ocrx_word' id='word_1_228' title='bbox 644 1696 748 1738; x_wconf 85' lang='lat' dir='ltr'>aula</span> <span class='ocrx_word' id='word_1_229' title='bbox 778 1697 918 1750; x_wconf 79' lang='lat' dir='ltr'>ipsius</span> <span class='ocrx_word' id='word_1_230' title='bbox 941 1696 1048 1750; x_wconf 87' lang='lat' dir='ltr'>plus</span> <span class='ocrx_word' id='word_1_231' title='bbox 1077 1697 1255 1738; x_wconf 82' lang='lat' dir='ltr'>striones</span> <span class='ocrx_word' id='word_1_232' title='bbox 1296 1711 1423 1750; x_wconf 84' lang='lat' dir='ltr'>quam</span> <span class='ocrx_word' id='word_1_233' title='bbox 1463 1696 1590 1738; x_wconf 86' lang='lat' dir='ltr'>bonae</span> <span class='ocrx_word' id='word_1_234' title='bbox 1629 1696 1738 1738; x_wconf 78' lang='lat' dir='ltr'>vitae</span> <span class='ocrx_word' id='word_1_235' title='bbox 1773 1695 1957 1738; x_wconf 77' lang='lat' dir='ltr'>homiues</span> <span class='ocrx_word' id='word_1_236' title='bbox 1988 1700 2172 1749; x_wconf 75' lang='lat' dir='ltr'>possent,</span> <span class='ocrx_word' id='word_1_237' title='bbox 2209 1698 2400 1751; x_wconf 74' lang='lat' dir='ltr'>yraviter</span> 
     </span>
     <span class='ocr_line' id='line_1_21' title="bbox 350 1765 2400 1821; baseline 0.001 -13"><span class='ocrx_word' id='word_1_238' title='bbox 350 1767 523 1820; x_wconf 87' lang='lat' dir='ltr'>carpsit.</span> <span class='ocrx_word' id='word_1_239' title='bbox 558 1765 651 1809; x_wconf 84' lang='lat' dir='ltr'>Hos</span> <span class='ocrx_word' id='word_1_240' title='bbox 681 1770 819 1809; x_wconf 85' lang='lat' dir='ltr'>autem</span> <span class='ocrx_word' id='word_1_241' title='bbox 851 1766 981 1809; x_wconf 84' lang='lat' dir='ltr'>libros</span> <span class='ocrx_word' id='word_1_242' title='bbox 1011 1767 1055 1809; x_wconf 87' lang='lat' dir='ltr'>in</span> <span class='ocrx_word' id='word_1_243' title='bbox 1088 1766 1265 1809; x_wconf 75' lang='lat' dir='ltr'>exilium</span> <span class='ocrx_word' id='word_1_244' title='bbox 1294 1767 1453 1809; x_wconf 85' lang='lat' dir='ltr'>missus</span> <span class='ocrx_word' id='word_1_245' title='bbox 1482 1766 1541 1809; x_wconf 81' lang='lat' dir='ltr'>acl</span> <span class='ocrx_word' id='word_1_246' title='bbox 1561 1766 1770 1809; x_wconf 81' lang='lat' dir='ltr'>civitatem</span> <span class='ocrx_word' id='word_1_247' title='bbox 1792 1766 1984 1808; x_wconf 81' lang='lat' dir='ltr'>ultimam</span> <span class='ocrx_word' id='word_1_248' title='bbox 2011 1766 2196 1821; x_wconf 63' lang='lat' dir='ltr'>Aegypti</span> <span class='ocrx_word' id='word_1_249' title='bbox 2217 1767 2400 1810; x_wconf 80' lang='lat' dir='ltr'>Hoasim</span> 
     </span>
     <span class='ocr_line' id='line_1_22' title="bbox 350 1835 2400 1891; baseline 0.001 -13"><span class='ocrx_word' id='word_1_250' title='bbox 350 1837 402 1878; x_wconf 84' lang='lat' dir='ltr'>ab</span> <span class='ocrx_word' id='word_1_251' title='bbox 433 1837 527 1891; x_wconf 87' lang='lat' dir='ltr'>ipso</span> <span class='ocrx_word' id='word_1_252' title='bbox 557 1835 806 1880; x_wconf 84' lang='lat' dir='ltr'>Domitiano</span> <span class='ocrx_word' id='word_1_253' title='bbox 835 1838 1022 1891; x_wconf 79' lang='lat' dir='ltr'>scripsit.</span> <span class='ocrx_word' id='word_1_254' title='bbox 1062 1836 1164 1879; x_wconf 84' lang='lat' dir='ltr'>Ideo</span> <span class='ocrx_word' id='word_1_255' title='bbox 1184 1841 1323 1879; x_wconf 83' lang='lat' dir='ltr'>autem</span> <span class='ocrx_word' id='word_1_256' title='bbox 1362 1838 1409 1880; x_wconf 83' lang='lat' dir='ltr'>in</span> <span class='ocrx_word' id='word_1_257' title='bbox 1448 1836 1625 1880; x_wconf 75' lang='lat' dir='ltr'>exilium</span> <span class='ocrx_word' id='word_1_258' title='bbox 1665 1839 1822 1880; x_wconf 83' lang='lat' dir='ltr'>missus</span> <span class='ocrx_word' id='word_1_259' title='bbox 1857 1841 1925 1889; x_wconf 85' lang='lat' dir='ltr'>est,</span> <span class='ocrx_word' id='word_1_260' title='bbox 1962 1839 2064 1890; x_wconf 87' lang='lat' dir='ltr'>quia</span> <span class='ocrx_word' id='word_1_261' title='bbox 2091 1837 2205 1879; x_wconf 74' lang='lat' dir='ltr'>dioeit</span> <span class='ocrx_word' id='word_1_262' title='bbox 2234 1851 2400 1881; x_wconf 86' lang='lat' dir='ltr'>versum</span> 
     </span>
     <span class='ocr_line' id='line_1_23' title="bbox 351 1907 2401 1964; baseline 0.001 -15"><span class='ocrx_word' id='word_1_263' title='bbox 351 1907 472 1949; x_wconf 85' lang='lat' dir='ltr'>illum</span> <span class='ocrx_word' id='word_1_264' title='bbox 503 1908 638 1961; x_wconf 81' lang='lat' dir='ltr'>„quod</span> <span class='ocrx_word' id='word_1_265' title='bbox 669 1921 749 1950; x_wconf 84' lang='lat' dir='ltr'>non</span> <span class='ocrx_word' id='word_1_266' title='bbox 792 1908 895 1950; x_wconf 84' lang='lat' dir='ltr'>dant</span> <span class='ocrx_word' id='word_1_267' title='bbox 929 1921 1125 1961; x_wconf 77' lang='lat' dir='ltr'>proceres</span> <span class='ocrx_word' id='word_1_268' title='bbox 1164 1908 1280 1950; x_wconf 81' lang='lat' dir='ltr'>dabit</span> <span class='ocrx_word' id='word_1_269' title='bbox 1319 1909 1462 1951; x_wconf 83' lang='lat' dir='ltr'>strio“.</span> <span class='ocrx_word' id='word_1_270' title='bbox 1503 1921 1613 1950; x_wconf 79' lang='lat' dir='ltr'>nunc</span> <span class='ocrx_word' id='word_1_271' title='bbox 1655 1913 1793 1951; x_wconf 84' lang='lat' dir='ltr'>autem</span> <span class='ocrx_word' id='word_1_272' title='bbox 1833 1908 1905 1950; x_wconf 73' lang='lat' dir='ltr'>hoc</span> <span class='ocrx_word' id='word_1_273' title='bbox 1937 1908 2099 1950; x_wconf 79' lang='lat' dir='ltr'>inducit</span> <span class='ocrx_word' id='word_1_274' title='bbox 2122 1921 2204 1962; x_wconf 86' lang='lat' dir='ltr'>per</span> <span class='ocrx_word' id='word_1_275' title='bbox 2233 1909 2401 1964; x_wconf 75' lang='lat' dir='ltr'>fiquras</span> 
     </span>
     <span class='ocr_line' id='line_1_24' title="bbox 348 1978 2397 2033; baseline 0.001 -13"><span class='ocrx_word' id='word_1_276' title='bbox 348 1978 472 2032; x_wconf 83' lang='lat' dir='ltr'>quasi</span> <span class='ocrx_word' id='word_1_277' title='bbox 504 1982 677 2032; x_wconf 84' lang='lat' dir='ltr'>carptus</span> <span class='ocrx_word' id='word_1_278' title='bbox 714 1979 771 2021; x_wconf 83' lang='lat' dir='ltr'>sit</span> <span class='ocrx_word' id='word_1_279' title='bbox 802 1994 828 2020; x_wconf 82' lang='lat' dir='ltr'><strong><em>a</em></strong></span> <span class='ocrx_word' id='word_1_280' title='bbox 859 1979 1029 2022; x_wconf 84' lang='lat' dir='ltr'>miseris</span> <span class='ocrx_word' id='word_1_281' title='bbox 1051 1980 1190 2033; x_wconf 84' lang='lat' dir='ltr'>poetis</span> <span class='ocrx_word' id='word_1_282' title='bbox 1220 1979 1293 2033; x_wconf 87' lang='lat' dir='ltr'>qui</span> <span class='ocrx_word' id='word_1_283' title='bbox 1326 1978 1388 2021; x_wconf 83' lang='lat' dir='ltr'>nil</span> <span class='ocrx_word' id='word_1_284' title='bbox 1431 1993 1580 2022; x_wconf 83' lang='lat' dir='ltr'>novum</span> <span class='ocrx_word' id='word_1_285' title='bbox 1618 1979 1691 2021; x_wconf 81' lang='lat' dir='ltr'>secl</span> <span class='ocrx_word' id='word_1_286' title='bbox 1721 1980 1912 2021; x_wconf 75' lang='lat' dir='ltr'>onznibus</span> <span class='ocrx_word' id='word_1_287' title='bbox 1944 1983 2061 2021; x_wconf 78' lang='lat' dir='ltr'>notas</span> <span class='ocrx_word' id='word_1_288' title='bbox 2090 1979 2265 2032; x_wconf 80' lang='lat' dir='ltr'>fabulas</span> <span class='ocrx_word' id='word_1_289' title='bbox 2293 1982 2397 2023; x_wconf 85' lang='lat' dir='ltr'>reci-</span> 
     </span>
     <span class='ocr_line' id='line_1_25' title="bbox 348 2050 2397 2105; baseline 0.001 -15"><span class='ocrx_word' id='word_1_290' title='bbox 348 2052 482 2091; x_wconf 77' lang='lat' dir='ltr'>tarent</span> <span class='ocrx_word' id='word_1_291' title='bbox 513 2053 549 2091; x_wconf 86' lang='lat' dir='ltr'>et</span> <span class='ocrx_word' id='word_1_292' title='bbox 587 2050 691 2091; x_wconf 80' lang='lat' dir='ltr'>dicit</span> <span class='ocrx_word' id='word_1_293' title='bbox 721 2050 859 2103; x_wconf 74' lang='lat' dir='ltr'>mayis</span> <span class='ocrx_word' id='word_1_294' title='bbox 892 2050 982 2092; x_wconf 80' lang='lat' dir='ltr'>ideo</span> <span class='ocrx_word' id='word_1_295' title='bbox 1012 2051 1193 2091; x_wconf 81' lang='lat' dir='ltr'>satiram</span> <span class='ocrx_word' id='word_1_296' title='bbox 1224 2063 1267 2092; x_wconf 84' lang='lat' dir='ltr'>se</span> <span class='ocrx_word' id='word_1_297' title='bbox 1298 2050 1487 2102; x_wconf 79' lang='lat' dir='ltr'>scribere,</span> <span class='ocrx_word' id='word_1_298' title='bbox 1520 2054 1564 2091; x_wconf 87' lang='lat' dir='ltr'>ut</span> <span class='ocrx_word' id='word_1_299' title='bbox 1598 2051 1736 2104; x_wconf 89' lang='lat' dir='ltr'>possit</span> <span class='ocrx_word' id='word_1_300' title='bbox 1778 2063 1908 2092; x_wconf 85' lang='lat' dir='ltr'>mores</span> <span class='ocrx_word' id='word_1_301' title='bbox 1949 2050 2069 2091; x_wconf 82' lang='lat' dir='ltr'>illius</span> <span class='ocrx_word' id='word_1_302' title='bbox 2100 2052 2300 2105; x_wconf 83' lang='lat' dir='ltr'>temporis</span> <span class='ocrx_word' id='word_1_303' title='bbox 2330 2051 2397 2093; x_wconf 84' lang='lat' dir='ltr'>dc-</span> 
     </span>
     <span class='ocr_line' id='line_1_26' title="bbox 349 2120 924 2163; baseline 0.002 -1"><span class='ocrx_word' id='word_1_304' title='bbox 349 2121 619 2163; x_wconf 80' lang='lat' dir='ltr'>monstrando</span> <span class='ocrx_word' id='word_1_305' title='bbox 650 2124 803 2163; x_wconf 80' lang='lat' dir='ltr'>notare.</span> <span class='ocrx_word' id='word_1_306' title='bbox 921 2120 924 2123; x_wconf 65' lang='grc'>’</span> 
     </span>
    </p>

    <p class='ocr_par' dir='ltr' id='par_1_4' title="bbox 348 2191 2397 2601">
     <span class='ocr_line' id='line_1_27' title="bbox 491 2191 2396 2244; baseline 0.001 -11"><span class='ocrx_word' id='word_1_307' title='bbox 491 2191 731 2244; x_wconf 87' lang='lat' dir='ltr'>Principale</span> <span class='ocrx_word' id='word_1_308' title='bbox 762 2192 946 2234; x_wconf 88' lang='lat' dir='ltr'>scholion</span> <span class='ocrx_word' id='word_1_309' title='bbox 980 2192 1211 2244; x_wconf 83' lang='lat' dir='ltr'>praemisso</span> <span class='ocrx_word' id='word_1_310' title='bbox 1233 2192 1434 2234; x_wconf 86' lang='lat' dir='ltr'>lemmate</span> <span class='ocrx_word' id='word_1_311' title='bbox 1467 2192 1688 2234; x_wconf 83' lang='lat' dir='ltr'><strong>SEMPER</strong></span> <span class='ocrx_word' id='word_1_312' title='bbox 1721 2192 1832 2234; x_wconf 89' lang='lat' dir='ltr'>EGO</span> <span class='ocrx_word' id='word_1_313' title='bbox 1866 2206 1891 2234; x_wconf 86' lang='lat' dir='ltr'>a</span> <span class='ocrx_word' id='word_1_314' title='bbox 1922 2192 2073 2244; x_wconf 76' lang='lat' dir='ltr'>verbiS,</span> <span class='ocrx_word' id='word_1_315' title='bbox 2107 2193 2150 2234; x_wconf 91' lang='lat' dir='ltr'>ni</span> <span class='ocrx_word' id='word_1_316' title='bbox 2172 2193 2305 2244; x_wconf 86' lang='lat' dir='ltr'>fallor,</span> <span class='ocrx_word' id='word_1_317' title='bbox 2329 2205 2396 2235; x_wconf 92' lang='lat' dir='ltr'>or-</span> 
     </span>
     <span class='ocr_line' id='line_1_28' title="bbox 348 2261 2395 2318; baseline 0.001 -14"><span class='ocrx_word' id='word_1_318' title='bbox 348 2262 484 2304; x_wconf 89' lang='lat' dir='ltr'>ditum</span> <span class='ocrx_word' id='word_1_319' title='bbox 518 2266 582 2305; x_wconf 87' lang='lat' dir='ltr'>est</span> <span class='ocrx_word' id='word_1_320' title='bbox 615 2262 721 2317; x_wconf 82' lang='lat' dir='ltr'>„hoc</span> <span class='ocrx_word' id='word_1_321' title='bbox 751 2262 915 2305; x_wconf 89' lang='lat' dir='ltr'>inducit</span> <span class='ocrx_word' id='word_1_322' title='bbox 937 2275 1015 2316; x_wconf 90' lang='lat' dir='ltr'>per</span> <span class='ocrx_word' id='word_1_323' title='bbox 1036 2261 1236 2315; x_wconf 78' lang='lat' dir='ltr'>figuras.“</span> <span class='ocrx_word' id='word_1_324' title='bbox 1275 2262 1344 2305; x_wconf 86' lang='lat' dir='ltr'>Ita</span> <span class='ocrx_word' id='word_1_325' title='bbox 1375 2275 1605 2316; x_wconf 88' lang='lat' dir='ltr'>pronomen</span> <span class='ocrx_word' id='word_1_326' title='bbox 1642 2263 1788 2318; x_wconf 79' lang='lat' dir='ltr'>„hoc“‚</span> <span class='ocrx_word' id='word_1_327' title='bbox 1824 2263 1933 2316; x_wconf 85' lang='lat' dir='ltr'>quod</span> <span class='ocrx_word' id='word_1_328' title='bbox 1966 2275 2073 2305; x_wconf 90' lang='lat' dir='ltr'>nunc</span> <span class='ocrx_word' id='word_1_329' title='bbox 2106 2264 2235 2305; x_wconf 89' lang='lat' dir='ltr'>nimio</span> <span class='ocrx_word' id='word_1_330' title='bbox 2257 2265 2395 2317; x_wconf 82' lang='lat' dir='ltr'>spatio</span> 
     </span>
     <span class='ocr_line' id='line_1_29' title="bbox 349 2333 2397 2387; baseline 0.001 -12"><span class='ocrx_word' id='word_1_331' title='bbox 349 2345 374 2375; x_wconf 85' lang='lat' dir='ltr'>a</span> <span class='ocrx_word' id='word_1_332' title='bbox 405 2333 607 2376; x_wconf 85' lang='lat' dir='ltr'>lemmate</span> <span class='ocrx_word' id='word_1_333' title='bbox 637 2333 887 2386; x_wconf 87' lang='lat' dir='ltr'>seiungitur‚</span> <span class='ocrx_word' id='word_1_334' title='bbox 922 2334 1055 2375; x_wconf 89' lang='lat' dir='ltr'>multo</span> <span class='ocrx_word' id='word_1_335' title='bbox 1087 2337 1152 2376; x_wconf 90' lang='lat' dir='ltr'>est</span> <span class='ocrx_word' id='word_1_336' title='bbox 1183 2334 1333 2387; x_wconf 70' lang='lat' dir='ltr'>aptius</span> <span class='ocrx_word' id='word_1_337' title='bbox 1383 2333 1502 2384; x_wconf 86' lang='lat' dir='ltr'>Quae</span> <span class='ocrx_word' id='word_1_338' title='bbox 1534 2334 1804 2384; x_wconf 75' lang='lat' dir='ltr'>antecedunt,</span> <span class='ocrx_word' id='word_1_339' title='bbox 1838 2347 1889 2376; x_wconf 88' lang='lat' dir='ltr'>ea</span> <span class='ocrx_word' id='word_1_340' title='bbox 1920 2334 2058 2376; x_wconf 88' lang='lat' dir='ltr'>aliena</span> <span class='ocrx_word' id='word_1_341' title='bbox 2090 2347 2217 2376; x_wconf 90' lang='lat' dir='ltr'>manu</span> <span class='ocrx_word' id='word_1_342' title='bbox 2247 2339 2397 2387; x_wconf 88' lang='lat' dir='ltr'>postea</span> 
     </span>
     <span class='ocr_line' id='line_1_30' title="bbox 349 2403 2394 2458; baseline 0 -12"><span class='ocrx_word' id='word_1_343' title='bbox 349 2403 563 2458; x_wconf 83' lang='lat' dir='ltr'>adscripta</span> <span class='ocrx_word' id='word_1_344' title='bbox 594 2416 684 2447; x_wconf 90' lang='lat' dir='ltr'>esse</span> <span class='ocrx_word' id='word_1_345' title='bbox 716 2404 818 2446; x_wconf 93' lang='lat' dir='ltr'>mihi</span> <span class='ocrx_word' id='word_1_346' title='bbox 849 2403 1098 2458; x_wconf 71' lang='lat' dir='ltr'>persuadeo,</span> <span class='ocrx_word' id='word_1_347' title='bbox 1131 2403 1242 2447; x_wconf 90' lang='lat' dir='ltr'>Nam</span> <span class='ocrx_word' id='word_1_348' title='bbox 1274 2408 1373 2447; x_wconf 88' lang='lat' dir='ltr'>sunt</span> <span class='ocrx_word' id='word_1_349' title='bbox 1403 2404 1560 2458; x_wconf 82' lang='lat' dir='ltr'>partim</span> <span class='ocrx_word' id='word_1_350' title='bbox 1591 2405 1653 2447; x_wconf 86' lang='lat' dir='ltr'>ita</span> <span class='ocrx_word' id='word_1_351' title='bbox 1684 2403 1836 2457; x_wconf 86' lang='lat' dir='ltr'>futilia,</span> <span class='ocrx_word' id='word_1_352' title='bbox 1860 2408 1907 2447; x_wconf 92' lang='lat' dir='ltr'>ut</span> <span class='ocrx_word' id='word_1_353' title='bbox 1929 2417 2094 2447; x_wconf 85' lang='lat' dir='ltr'>omnem</span> <span class='ocrx_word' id='word_1_354' title='bbox 2115 2404 2394 2448; x_wconf 89' lang='lat' dir='ltr'>recentiorum</span> 
     </span>
     <span class='ocr_line' id='line_1_31' title="bbox 350 2474 2395 2530; baseline 0.001 -14"><span class='ocrx_word' id='word_1_355' title='bbox 350 2476 725 2527; x_wconf 84' lang='lat' dir='ltr'>grammaticorum</span> <span class='ocrx_word' id='word_1_356' title='bbox 748 2475 1031 2517; x_wconf 81' lang='lat' dir='ltr'>insulsitatem</span> <span class='ocrx_word' id='word_1_357' title='bbox 1055 2474 1297 2529; x_wconf 88' lang='lat' dir='ltr'>prodant*)‚</span> <span class='ocrx_word' id='word_1_358' title='bbox 1319 2476 1476 2529; x_wconf 88' lang='lat' dir='ltr'>partim</span> <span class='ocrx_word' id='word_1_359' title='bbox 1498 2475 1573 2518; x_wconf 87' lang='lat' dir='ltr'>illa</span> <span class='ocrx_word' id='word_1_360' title='bbox 1594 2476 1764 2530; x_wconf 88' lang='lat' dir='ltr'>quidem</span> <span class='ocrx_word' id='word_1_361' title='bbox 1787 2477 1884 2517; x_wconf 86' lang='lat' dir='ltr'>novi</span> <span class='ocrx_word' id='word_1_362' title='bbox 1907 2476 2065 2529; x_wconf 88' lang='lat' dir='ltr'>aliquid</span> <span class='ocrx_word' id='word_1_363' title='bbox 2098 2475 2288 2526; x_wconf 86' lang='lat' dir='ltr'>tradunt,</span> <span class='ocrx_word' id='word_1_364' title='bbox 2322 2475 2395 2519; x_wconf 83' lang='lat' dir='ltr'>sed</span> 
     </span>
     <span class='ocr_line' id='line_1_32' title="bbox 349 2546 2394 2601; baseline 0 -14"><span class='ocrx_word' id='word_1_365' title='bbox 349 2556 401 2587; x_wconf 89' lang='lat' dir='ltr'>ea</span> <span class='ocrx_word' id='word_1_366' title='bbox 431 2546 523 2597; x_wconf 81' lang='lat' dir='ltr'>ipsa</span> <span class='ocrx_word' id='word_1_367' title='bbox 556 2559 603 2589; x_wconf 89' lang='lat' dir='ltr'>re</span> <span class='ocrx_word' id='word_1_368' title='bbox 636 2547 732 2589; x_wconf 83' lang='lat' dir='ltr'>vitis</span> <span class='ocrx_word' id='word_1_369' title='bbox 773 2547 937 2588; x_wconf 87' lang='lat' dir='ltr'>iuniora</span> <span class='ocrx_word' id='word_1_370' title='bbox 975 2559 1066 2588; x_wconf 81' lang='lat' dir='ltr'>esse</span> <span class='ocrx_word' id='word_1_371' title='bbox 1107 2551 1357 2601; x_wconf 85' lang='lat' dir='ltr'>arguuntur.</span> <span class='ocrx_word' id='word_1_372' title='bbox 1403 2546 1523 2588; x_wconf 80' lang='lat' dir='ltr'>Oasis</span> <span class='ocrx_word' id='word_1_373' title='bbox 1555 2559 1629 2588; x_wconf 89' lang='lat' dir='ltr'>cur</span> <span class='ocrx_word' id='word_1_374' title='bbox 1662 2547 1904 2588; x_wconf 90' lang='lat' dir='ltr'>nominetur</span> <span class='ocrx_word' id='word_1_375' title='bbox 1934 2547 2079 2600; x_wconf 84' lang='lat' dir='ltr'>quaeri</span> <span class='ocrx_word' id='word_1_376' title='bbox 2122 2559 2201 2588; x_wconf 87' lang='lat' dir='ltr'>non</span> <span class='ocrx_word' id='word_1_377' title='bbox 2242 2550 2394 2599; x_wconf 83' lang='lat' dir='ltr'>potest.</span> 
     </span>
    </p>
   </div>
   <div class='ocr_carea' id='block_1_3' title="bbox 347 2710 2400 3170">
    <p class='ocr_par' dir='ltr' id='par_1_5' title="bbox 347 2710 2400 3170">
     <span class='ocr_line' id='line_1_33' title="bbox 490 2710 2396 2755; baseline 0.001 -10"><span class='ocrx_word' id='word_1_378' title='bbox 490 2710 525 2755; x_wconf 90' lang='lat'>*)</span> <span class='ocrx_word' id='word_1_379' title='bbox 551 2710 671 2747; x_wconf 84' lang='lat' dir='ltr'>Verba</span> <span class='ocrx_word' id='word_1_380' title='bbox 695 2710 928 2754; x_wconf 84' lang='lat' dir='ltr'>„Juvenalem</span> <span class='ocrx_word' id='word_1_381' title='bbox 955 2730 997 2734; x_wconf 97' lang='lat'><strong>—</strong></span> <span class='ocrx_word' id='word_1_382' title='bbox 1024 2710 1331 2754; x_wconf 83' lang='lat' dir='ltr'>magnitudinem“</span> <span class='ocrx_word' id='word_1_383' title='bbox 1356 2710 1502 2747; x_wconf 79' lang='lat' dir='ltr'>librarii</span> <span class='ocrx_word' id='word_1_384' title='bbox 1527 2711 1691 2755; x_wconf 87' lang='lat' dir='ltr'>alicuius,</span> <span class='ocrx_word' id='word_1_385' title='bbox 1709 2722 1782 2746; x_wconf 92' lang='lat' dir='ltr'>non</span> <span class='ocrx_word' id='word_1_386' title='bbox 1801 2711 1933 2745; x_wconf 87' lang='lat' dir='ltr'>veteris</span> <span class='ocrx_word' id='word_1_387' title='bbox 1952 2710 2173 2745; x_wconf 87' lang='lat' dir='ltr'>scholiastae</span> <span class='ocrx_word' id='word_1_388' title='bbox 2189 2720 2270 2745; x_wconf 84' lang='lat' dir='ltr'>esse</span> <span class='ocrx_word' id='word_1_389' title='bbox 2286 2711 2396 2746; x_wconf 85' lang='lat' dir='ltr'>etiam</span> 
     </span>
     <span class='ocr_line' id='line_1_34' title="bbox 349 2766 2397 2814; baseline 0.001 -12"><span class='ocrx_word' id='word_1_390' title='bbox 349 2766 392 2802; x_wconf 87' lang='lat' dir='ltr'>E.</span> <span class='ocrx_word' id='word_1_391' title='bbox 419 2768 595 2805; x_wconf 85' lang='lat' dir='ltr'>Matthias</span> <span class='ocrx_word' id='word_1_392' title='bbox 620 2769 690 2814; x_wconf 89' lang='lat' dir='ltr'>„de</span> <span class='ocrx_word' id='word_1_393' title='bbox 715 2770 862 2805; x_wconf 87' lang='lat' dir='ltr'>scholiis</span> <span class='ocrx_word' id='word_1_394' title='bbox 888 2769 1159 2805; x_wconf 84' lang='lat' dir='ltr'>Juvenalianis“</span> <span class='ocrx_word' id='word_1_395' title='bbox 1185 2780 1267 2814; x_wconf 87' lang='lat' dir='ltr'>pag.</span> <span class='ocrx_word' id='word_1_396' title='bbox 1286 2771 1309 2805; x_wconf 88' lang='grc'>9</span> <span class='ocrx_word' id='word_1_397' title='bbox 1334 2769 1503 2814; x_wconf 81' lang='lat' dir='ltr'>affirmat,</span> <span class='ocrx_word' id='word_1_398' title='bbox 1523 2771 1584 2814; x_wconf 90' lang='lat' dir='ltr'>qui</span> <span class='ocrx_word' id='word_1_399' title='bbox 1617 2770 1701 2804; x_wconf 88' lang='lat' dir='ltr'>ibid.</span> <span class='ocrx_word' id='word_1_400' title='bbox 1730 2769 1880 2804; x_wconf 86' lang='lat' dir='ltr'>nitidam</span> <span class='ocrx_word' id='word_1_401' title='bbox 1906 2768 2096 2812; x_wconf 88' lang='lat' dir='ltr'>quamdam</span> <span class='ocrx_word' id='word_1_402' title='bbox 2128 2768 2173 2804; x_wconf 89' lang='lat' dir='ltr'>de</span> <span class='ocrx_word' id='word_1_403' title='bbox 2205 2768 2397 2805; x_wconf 82' lang='lat' dir='ltr'>verborum</span> 
     </span>
     <span class='ocr_line' id='line_1_35' title="bbox 348 2826 2396 2873; baseline 0.002 -14"><span class='ocrx_word' id='word_1_404' title='bbox 348 2834 471 2860; x_wconf 86' lang='lat' dir='ltr'>eorum</span> <span class='ocrx_word' id='word_1_405' title='bbox 497 2827 638 2871; x_wconf 89' lang='lat' dir='ltr'>origine</span> <span class='ocrx_word' id='word_1_406' title='bbox 663 2828 865 2873; x_wconf 84' lang='lat' dir='ltr'>opinionem</span> <span class='ocrx_word' id='word_1_407' title='bbox 892 2827 1130 2873; x_wconf 86' lang='lat' dir='ltr'>deprompsit,</span> <span class='ocrx_word' id='word_1_408' title='bbox 1167 2838 1272 2872; x_wconf 85' lang='lat' dir='ltr'>quam</span> <span class='ocrx_word' id='word_1_409' title='bbox 1303 2838 1370 2872; x_wconf 87' lang='lat' dir='ltr'>ego</span> <span class='ocrx_word' id='word_1_410' title='bbox 1406 2829 1493 2863; x_wconf 90' lang='lat' dir='ltr'>mihi</span> <span class='ocrx_word' id='word_1_411' title='bbox 1525 2828 1751 2863; x_wconf 90' lang='lat' dir='ltr'>vehementer</span> <span class='ocrx_word' id='word_1_412' title='bbox 1786 2826 1948 2862; x_wconf 85' lang='lat' dir='ltr'>arridere</span> <span class='ocrx_word' id='word_1_413' title='bbox 1979 2826 2109 2862; x_wconf 85' lang='lat' dir='ltr'>fateor.</span> <span class='ocrx_word' id='word_1_414' title='bbox 2137 2826 2275 2863; x_wconf 88' lang='lat' dir='ltr'>Scribit</span> <span class='ocrx_word' id='word_1_415' title='bbox 2301 2828 2396 2863; x_wconf 90' lang='lat' dir='ltr'>enim</span> 
     </span>
     <span class='ocr_line' id='line_1_36' title="bbox 347 2878 2397 2933; baseline 0.002 -14"><span class='ocrx_word' id='word_1_416' title='bbox 347 2884 502 2920; x_wconf 82' lang='lat' dir='ltr'>Matth.:</span> <span class='ocrx_word' id='word_1_417' title='bbox 527 2896 594 2931; x_wconf 86' lang='lat' dir='ltr'>„ea</span> <span class='ocrx_word' id='word_1_418' title='bbox 619 2888 729 2933; x_wconf 87' lang='lat' dir='ltr'>(quae</span> <span class='ocrx_word' id='word_1_419' title='bbox 753 2888 870 2933; x_wconf 88' lang='lat' dir='ltr'>prima</span> <span class='ocrx_word' id='word_1_420' title='bbox 897 2892 981 2922; x_wconf 85' lang='lat' dir='ltr'>sunt</span> <span class='ocrx_word' id='word_1_421' title='bbox 1008 2887 1044 2922; x_wconf 91' lang='lat' dir='ltr'>in</span> <span class='ocrx_word' id='word_1_422' title='bbox 1069 2888 1198 2933; x_wconf 83' lang='lat' dir='ltr'>schol.)</span> <span class='ocrx_word' id='word_1_423' title='bbox 1225 2898 1268 2923; x_wconf 90' lang='lat' dir='ltr'>ex</span> <span class='ocrx_word' id='word_1_424' title='bbox 1296 2893 1364 2923; x_wconf 89' lang='lat' dir='ltr'>sat.</span> <span class='ocrx_word' id='word_1_425' title='bbox 1392 2887 1446 2923; x_wconf 95' lang='lat' dir='ltr'>III</span> <span class='ocrx_word' id='word_1_426' title='bbox 1470 2898 1574 2924; x_wconf 82' lang='lat' dir='ltr'>versu</span> <span class='ocrx_word' id='word_1_427' title='bbox 1592 2887 1659 2924; x_wconf 83' lang='lat'>321</span> <span class='ocrx_word' id='word_1_428' title='bbox 1686 2886 1784 2923; x_wconf 80' lang='lat' dir='ltr'>facta</span> <span class='ocrx_word' id='word_1_429' title='bbox 1809 2897 1887 2922; x_wconf 89' lang='lat' dir='ltr'>esse</span> <span class='ocrx_word' id='word_1_430' title='bbox 1912 2886 2081 2921; x_wconf 87' lang='lat' dir='ltr'>arbitror.</span> <span class='ocrx_word' id='word_1_431' title='bbox 2108 2886 2164 2921; x_wconf 92' lang='lat' dir='ltr'>Ibi</span> <span class='ocrx_word' id='word_1_432' title='bbox 2189 2886 2285 2922; x_wconf 89' lang='lat' dir='ltr'>enim</span> <span class='ocrx_word' id='word_1_433' title='bbox 2303 2878 2397 2924; x_wconf 54' lang='lat' dir='ltr'>&#39;Um-</span> 
     </span>
     <span class='ocr_line' id='line_1_37' title="bbox 347 2943 2395 2992; baseline 0.002 -14"><span class='ocrx_word' id='word_1_434' title='bbox 347 2943 499 2979; x_wconf 90' lang='lat' dir='ltr'>bricium</span> <span class='ocrx_word' id='word_1_435' title='bbox 517 2952 626 2990; x_wconf 85' lang='lat' dir='ltr'>poeta</span> <span class='ocrx_word' id='word_1_436' title='bbox 642 2948 695 2982; x_wconf 85' lang='lat' dir='ltr'>ita</span> <span class='ocrx_word' id='word_1_437' title='bbox 712 2946 781 2983; x_wconf 85' lang='lat' dir='ltr'>sibi</span> <span class='ocrx_word' id='word_1_438' title='bbox 799 2944 977 2982; x_wconf 86' lang='lat' dir='ltr'>dicentem</span> <span class='ocrx_word' id='word_1_439' title='bbox 995 2946 1148 2982; x_wconf 88' lang='lat' dir='ltr'>inducit:</span> <span class='ocrx_word' id='word_1_440' title='bbox 1167 2948 1359 2992; x_wconf 86' lang='lat' dir='ltr'>„quotiens</span> <span class='ocrx_word' id='word_1_441' title='bbox 1378 2953 1415 2983; x_wconf 91' lang='lat' dir='ltr'>te</span> <span class='ocrx_word' id='word_1_442' title='bbox 1431 2948 1547 2983; x_wconf 86' lang='lat' dir='ltr'>Roma</span> <span class='ocrx_word' id='word_1_443' title='bbox 1565 2976 1571 2983; x_wconf 94' lang='lat'>.</span> <span class='ocrx_word' id='word_1_444' title='bbox 1593 2975 1599 2982; x_wconf 97' lang='lat'>.</span> <span class='ocrx_word' id='word_1_445' title='bbox 1618 2974 1627 2982; x_wconf 93' lang='lat'><strong>.</strong></span> <span class='ocrx_word' id='word_1_446' title='bbox 1646 2952 1709 2982; x_wconf 90' lang='lat' dir='ltr'>tuo</span> <span class='ocrx_word' id='word_1_447' title='bbox 1732 2946 1859 2982; x_wconf 89' lang='lat' dir='ltr'>reddet</span> <span class='ocrx_word' id='word_1_448' title='bbox 1877 2946 2021 2991; x_wconf 91' lang='lat' dir='ltr'>Aquino</span> <span class='ocrx_word' id='word_1_449' title='bbox 2039 2945 2100 2981; x_wconf 91' lang='lat' dir='ltr'>Me</span> <span class='ocrx_word' id='word_1_450' title='bbox 2114 2957 2259 2992; x_wconf 87' lang='lat' dir='ltr'>quoque</span> <span class='ocrx_word' id='word_1_451' title='bbox 2277 2974 2284 2982; x_wconf 94' lang='lat'><strong>.</strong></span> <span class='ocrx_word' id='word_1_452' title='bbox 2304 2974 2312 2982; x_wconf 91' lang='lat'><strong>.</strong></span> <span class='ocrx_word' id='word_1_453' title='bbox 2333 2976 2341 2983; x_wconf 88' lang='lat'><strong><em>.</em></strong></span> <span class='ocrx_word' id='word_1_454' title='bbox 2362 2950 2395 2982; x_wconf 88' lang='lat'>.“</span> 
     </span>
     <span class='ocr_line' id='line_1_38' title="bbox 357 3003 2398 3052; baseline 0.002 -15"><span class='ocrx_word' id='word_1_455' title='bbox 357 3003 564 3040; x_wconf 82' lang='lat' dir='ltr'>Scholiasta</span> <span class='ocrx_word' id='word_1_456' title='bbox 588 3012 710 3042; x_wconf 87' lang='lat' dir='ltr'>autem</span> <span class='ocrx_word' id='word_1_457' title='bbox 734 3007 924 3052; x_wconf 84' lang='lat' dir='ltr'>apposuit:</span> <span class='ocrx_word' id='word_1_458' title='bbox 961 3006 1092 3050; x_wconf 88' lang='lat' dir='ltr'>„Apud</span> <span class='ocrx_word' id='word_1_459' title='bbox 1127 3007 1311 3050; x_wconf 88' lang='lat' dir='ltr'>Aquinum</span> <span class='ocrx_word' id='word_1_460' title='bbox 1337 3006 1459 3043; x_wconf 89' lang='lat' dir='ltr'>colunt</span> <span class='ocrx_word' id='word_1_461' title='bbox 1483 3007 1629 3041; x_wconf 88' lang='lat' dir='ltr'>numina</span> <span class='ocrx_word' id='word_1_462' title='bbox 1645 3017 1766 3042; x_wconf 89' lang='lat' dir='ltr'>earum</span> <span class='ocrx_word' id='word_1_463' title='bbox 1793 3005 1949 3049; x_wconf 82' lang='lat' dir='ltr'>dearum,</span> <span class='ocrx_word' id='word_1_464' title='bbox 1968 3016 2058 3050; x_wconf 84' lang='lat' dir='ltr'>quas</span> <span class='ocrx_word' id='word_1_465' title='bbox 2076 3006 2199 3041; x_wconf 90' lang='lat' dir='ltr'>colunt</span> <span class='ocrx_word' id='word_1_466' title='bbox 2217 3007 2254 3041; x_wconf 92' lang='lat' dir='ltr'>in</span> <span class='ocrx_word' id='word_1_467' title='bbox 2272 3006 2398 3043; x_wconf 84' lang='lat' dir='ltr'>Gallis.</span> 
     </span>
     <span class='ocr_line' id='line_1_39' title="bbox 351 3061 2400 3110; baseline 0.002 -14"><span class='ocrx_word' id='word_1_468' title='bbox 351 3061 522 3107; x_wconf 87' lang='lat' dir='ltr'>Idemque</span> <span class='ocrx_word' id='word_1_469' title='bbox 556 3063 632 3101; x_wconf 82' lang='lat' dir='ltr'>fere</span> <span class='ocrx_word' id='word_1_470' title='bbox 651 3065 756 3101; x_wconf 84' lang='lat' dir='ltr'>Valla</span> <span class='ocrx_word' id='word_1_471' title='bbox 782 3077 827 3101; x_wconf 87' lang='lat' dir='ltr'>ex</span> <span class='ocrx_word' id='word_1_472' title='bbox 852 3065 973 3100; x_wconf 89' lang='lat' dir='ltr'>Probo</span> <span class='ocrx_word' id='word_1_473' title='bbox 996 3064 1115 3109; x_wconf 82' lang='lat' dir='ltr'>affert,</span> <span class='ocrx_word' id='word_1_474' title='bbox 1142 3066 1203 3109; x_wconf 91' lang='lat' dir='ltr'>qui</span> <span class='ocrx_word' id='word_1_475' title='bbox 1229 3065 1338 3100; x_wconf 83' lang='lat' dir='ltr'>dicit:</span> <span class='ocrx_word' id='word_1_476' title='bbox 1364 3066 1487 3110; x_wconf 75' lang='lat' dir='ltr'>„locus</span> <span class='ocrx_word' id='word_1_477' title='bbox 1514 3066 1549 3099; x_wconf 93' lang='lat' dir='ltr'>in</span> <span class='ocrx_word' id='word_1_478' title='bbox 1567 3066 1685 3100; x_wconf 86' lang='lat' dir='ltr'>Gallia</span> <span class='ocrx_word' id='word_1_479' title='bbox 1704 3066 1764 3109; x_wconf 90' lang='lat' dir='ltr'>qui</span> <span class='ocrx_word' id='word_1_480' title='bbox 1783 3065 1834 3098; x_wconf 88' lang='lat' dir='ltr'>sic</span> <span class='ocrx_word' id='word_1_481' title='bbox 1857 3065 2074 3109; x_wconf 87' lang='lat' dir='ltr'>appellatur,</span> <span class='ocrx_word' id='word_1_482' title='bbox 2093 3071 2133 3100; x_wconf 90' lang='lat' dir='ltr'>ut</span> <span class='ocrx_word' id='word_1_483' title='bbox 2151 3066 2204 3100; x_wconf 89' lang='lat' dir='ltr'>ait</span> <span class='ocrx_word' id='word_1_484' title='bbox 2222 3066 2400 3101; x_wconf 77' lang='lat' dir='ltr'>Probus-‘⁶</span> 
     </span>
     <span class='ocr_line' id='line_1_40' title="bbox 348 3122 2398 3170; baseline 0.002 -15"><span class='ocrx_word' id='word_1_485' title='bbox 348 3122 512 3167; x_wconf 78' lang='lat' dir='ltr'>Apparet</span> <span class='ocrx_word' id='word_1_486' title='bbox 538 3123 652 3168; x_wconf 87' lang='lat' dir='ltr'>igitur</span> <span class='ocrx_word' id='word_1_487' title='bbox 678 3125 908 3161; x_wconf 88' lang='lat' dir='ltr'>scholiastam</span> <span class='ocrx_word' id='word_1_488' title='bbox 935 3124 1122 3169; x_wconf 86' lang='lat' dir='ltr'>epitheton</span> <span class='ocrx_word' id='word_1_489' title='bbox 1149 3123 1237 3160; x_wconf 88' lang='lat' dir='ltr'>illud</span> <span class='ocrx_word' id='word_1_490' title='bbox 1264 3124 1406 3160; x_wconf 90' lang='lat' dir='ltr'>Cereris</span> <span class='ocrx_word' id='word_1_491' title='bbox 1433 3125 1643 3169; x_wconf 74' lang='lat' dir='ltr'>,‚Helvina,·‘</span> <span class='ocrx_word' id='word_1_492' title='bbox 1670 3125 1771 3159; x_wconf 84' lang='lat' dir='ltr'>cuius</span> <span class='ocrx_word' id='word_1_493' title='bbox 1790 3124 1834 3159; x_wconf 86' lang='lat' dir='ltr'>de</span> <span class='ocrx_word' id='word_1_494' title='bbox 1859 3124 2078 3168; x_wconf 74' lang='lat' dir='ltr'>etymologia</span> <span class='ocrx_word' id='word_1_495' title='bbox 2097 3124 2299 3170; x_wconf 82' lang='lat' dir='ltr'>dubitatur,</span> <span class='ocrx_word' id='word_1_496' title='bbox 2318 3136 2398 3160; x_wconf 89' lang='lat' dir='ltr'>cum</span> 
     </span>
    </p>
   </div>
   <div class='ocr_carea' id='block_1_4' title="bbox 2116 3195 2138 3228">
    <p class='ocr_par' dir='ltr' id='par_1_6' title="bbox 2116 3195 2138 3228">
     <span class='ocr_line' id='line_1_41' title="bbox 2116 3195 2138 3228; baseline 0 -1"><span class='ocrx_word' id='word_1_497' title='bbox 2116 3195 2138 3228; x_wconf 70' lang='lat'>:3</span> 
     </span>
    </p>
   </div>
  </div>
 </body>
</html>
