2774 3681
372 416 446 471 qui
479 417 583 458 sunt
614 417 698 457 sat.
732 414 816 456 VH
847 415 917 457 89.
941 415 1018 456 9οε
1075 413 1213 467 „quod
1249 425 1334 456 non
1371 413 1477 455 dant
1507 424 1709 466 proceres
1741 412 1864 454 dabit
1893 412 2061 468 histrio,
2102 416 2152 455 tu
2183 411 2431 456 Camerinos

372 488 435 533 Et
465 487 650 531 Baream
681 488 730 528 tu
761 485 966 529 nobilium
996 497 1156 539 magna
1191 483 1306 527 atria
1343 484 1497 527 curas?
1542 482 1796 526 Praefectos
1827 483 2015 537 Pelopea
2055 483 2164 527 facit
2193 483 2433 527 Philomela

371 557 609 602 tribun08.“
684 556 793 599 Nam
836 556 1153 599 observandum
1185 558 1256 599 est
1285 555 1329 598 in
1371 555 1507 598 satira
1537 554 1624 597 VH
1654 558 1699 597 et
1730 554 1911 608 primum
1942 558 1988 597 et
2027 555 2221 598 ultimum
2258 558 2432 608 poetam

372 629 542 672 abiecto
585 627 699 679 quod
742 631 824 668 sat.
862 627 885 668 I
927 627 1274 680 proclamaverat
1316 626 1495 668 consilio
1538 638 1746 680 praesens
1800 629 1891 666 tum
1938 629 2107 680 tempus
2154 624 2431 680 apertissime

373 699 635 754 significare.
697 699 748 740 In
780 699 916 751 primo
948 699 1061 741 enim
1098 699 1287 741 carmine
1318 698 1519 740 dilucidis
1556 699 1705 740 verbis
1737 698 1899 739 Caesar
1941 701 2030 739 tum
2066 698 2208 751 ipsum
2237 709 2429 752 regnans

371 771 587 815 laudatur.
620 769 831 822 Quocirca
851 771 970 812 vitae
993 773 1144 812 auctor
1165 769 1228 811 sic
1249 769 1434 811 forsitan
1460 769 1745 810 ratiocinatus
1769 768 1840 809 sit.
1874 767 2063 810 Necesse
2085 771 2181 810 erat
2196 767 2430 810 Caesarem

371 840 619 895 perspicere
650 840 735 882 hac
756 840 801 882 in
833 840 970 883 satira
989 840 1249 883 Juvenalem
1280 839 1333 881 de
1366 852 1413 881 se
1436 851 1597 891 suoque
1628 843 1821 892 tempore
1849 839 1977 892 loqui,
2008 842 2058 880 ut
2078 841 2125 881 et
2154 850 2309 880 versus
2330 837 2428 880 illos

371 914 417 955 in
450 923 573 953 suum
603 913 773 963 tempus
806 910 946 953 dictos
979 923 1078 952 esse
1108 922 1193 952 non
1224 914 1375 962 posset
1405 922 1489 951 non
1520 909 1700 962 opinari.
1762 909 1794 950 J
1797 909 1991 950 uvenalis
2013 921 2117 951 vero
2149 921 2234 951 non
2265 921 2318 951 ea
2347 907 2430 951 fuit

373 980 529 1035 opinio,
561 984 713 1033 utpote
736 981 808 1032 qui
829 981 874 1023 in
906 981 1080 1024 exordio
1102 981 1263 1022 satirae
1285 981 1515 1022 Caesarem
1536 982 1655 1021 illum
1677 981 1924 1031 (Traianum
1948 981 2121 1021 videtur
2141 980 2429 1033 intellexisse)

373 1049 550 1094 summis
572 1050 772 1094 laudibus
805 1050 981 1105 dignum
1002 1050 1170 1094 fecerit.
1222 1051 1355 1093 Immo
1386 1064 1440 1093 ne
1471 1051 1516 1093 in
1542 1051 1625 1092 hac
1657 1050 1826 1103 quidem
1850 1050 1986 1092 satira
2016 1051 2162 1103 alege
2193 1050 2430 1105 proposita,

376 1124 428 1164 ut
457 1121 504 1164 in
534 1124 724 1164 mortuos
756 1121 1048 1177 inveheretur,
1081 1120 1242 1164 defecit
1273 1124 1319 1164 et
1338 1120 1574 1164 Domitiani
1605 1124 1802 1173 tempora
1832 1121 1984 1173 carpit.
2036 1122 2098 1163 At
2128 1134 2232 1163 vero
2253 1121 2429 1176 Caesar,

372 1204 469 1235 cum
491 1192 536 1234 in
558 1192 697 1245 prima
719 1193 856 1235 satira
879 1206 956 1234 sua
973 1196 1167 1245 tempora
1187 1192 1329 1234 notari
1350 1192 1550 1247 vidisset,
1573 1192 1705 1234 etiam
1720 1203 1876 1233 versus
1898 1191 1995 1234 illos
2012 1192 2065 1233 de
2088 1204 2134 1233 se
2156 1191 2430 1244 accipiendos

372 1274 471 1305 esse
503 1263 742 1305 arbitratus
775 1268 856 1306 est.
920 1263 989 1305 Ea
1025 1262 1115 1306 fere
1154 1262 1425 1316 grammatici
1468 1262 1552 1305 fuit
1592 1262 1814 1316 cogitatio.
1878 1261 2021 1316 Quid?
2073 1262 2205 1316 quod,
2250 1275 2345 1304 cum
2376 1274 2431 1304 ex

374 1332 512 1376 satira
562 1333 605 1379 I.
633 1334 665 1377 J
666 1335 892 1377 uvenalem
943 1334 1127 1386 priorem
1180 1334 1338 1376 satiras
1392 1334 1610 1375 scribendi
1671 1333 1882 1374 rationem
1933 1337 2125 1373 mutasse
2177 1333 2429 1385 collegeret,

374 1402 565 1445 fortasse
587 1416 671 1446 non
704 1404 954 1447 ementitum
977 1403 1054 1446 sed
1076 1403 1329 1456 colloquium
1360 1416 1407 1446 re
1429 1415 1536 1446 vera
1566 1403 1758 1446 habitum
1787 1403 1846 1445 ibi
1877 1402 2031 1444 referri
2052 1406 2173 1444 ratus
2195 1402 2430 1444 verisimile

376 1484 476 1514 esse
508 1473 632 1515 duxit
662 1476 764 1516 ante
796 1473 936 1516 editas
970 1486 1045 1516 eas
1086 1486 1193 1526 quas
1225 1472 1318 1526 ipse
1349 1473 1518 1527 legeret
1549 1473 1708 1515 satiras
1751 1472 1861 1515 alias
1892 1472 2028 1514 fuisse
2061 1472 2262 1526 scriptas,
2307 1485 2429 1526 quas,

373 1543 474 1595 quia
503 1545 708 1596 aequales
729 1544 920 1586 homines
952 1543 1006 1586 iis
1029 1544 1365 1597 castigarentur,
1397 1543 1584 1585 ineditas
1606 1542 1868 1594 reliquisset.
1921 1542 2042 1594 Ergo
2074 1542 2359 1594 pulcherrime
2381 1555 2429 1584 se

373 1613 610 1657 coniecisse
642 1613 911 1668 opinabatur,
945 1627 1040 1656 cum
1070 1627 1225 1657 versus
1256 1613 1354 1656 illos
1387 1614 1548 1656 satirae
1570 1613 1655 1655 VII
1686 1614 1739 1654 de
1767 1613 1907 1654 Statio
1940 1617 1984 1655 et-
2005 1614 2160 1655 Paride
2192 1627 2246 1655 ex
2278 1620 2429 1655 vetere

374 1683 519 1737 aliqua
549 1684 665 1727 illius
698 1684 871 1739 generis
905 1683 1041 1727 satira
1073 1684 1315 1738 exscriptos
1348 1696 1446 1727 esse
1480 1682 1723 1727 statuisset.

513 1755 615 1798 Pari
658 1755 781 1799 modo
814 1754 926 1808 quod
961 1769 1038 1812 per
1067 1755 1256 1798 honorem
1294 1756 1463 1798 militiae
1504 1755 1561 1798 ad
1584 1755 1889 1811 praefecturam
1929 1754 2098 1798 cohortis
2139 1754 2297 1798 missus
2330 1769 2429 1798 esse

372 1826 524 1882 fertur,
546 1826 591 1869 id
613 1838 666 1869 ex
688 1837 737 1870 eo
760 1826 1002 1883 collegitur,
1026 1825 1137 1880 quod
1158 1825 1188 1870 J
1190 1825 1388 1870 uvenalis
1405 1825 1449 1870 in
1472 1830 1554 1869 sat.
1577 1825 1685 1870 XVI
1700 1838 1841 1870 rerum
1862 1826 2111 1871 militarium
2133 1830 2222 1870 tam
2243 1826 2427 1880 peritum

373 1910 470 1940 sese
501 1902 719 1953 praestat,
760 1901 809 1940 ut
840 1898 934 1951 ipse
977 1897 1157 1940 militiae
1188 1898 1331 1950 aliquo
1362 1910 1537 1941 munere
1568 1898 1742 1941 functus
1774 1911 1873 1941 esse
1905 1899 2119 1941 videatur.
2183 1898 2248 1940 De
2280 1898 2427 1941 verbis

353 1980 623 2024 quamquam
644 1971 921 2025 octoyenare‘us
941 1968 1055 2011 infra
1071 1969 1325 2011 videbimus.
1358 1970 1481 2011 Nunc
1503 1982 1557 2011 ex
1577 1970 1782 2012 universo
1799 1970 1918 2012 vitae
1941 1974 2090 2012 tenore
2112 1983 2163 2011 ea
2184 1970 2424 2024 afferemus,

372 2038 540 2094 quibus,
551 2039 588 2081 si
604 2039 711 2082 nihil
721 2039 851 2094 aliud,
860 2039 966 2082 illud
980 2040 1266 2082 demonstrari
1282 2031 1435 2094 possit,
1447 2052 1541 2082 eam
1551 2041 1835 2082 recentiorem
1851 2041 1994 2092 potius
2009 2054 2133 2092 quam
2145 2041 2425 2082 vetustiorem

372 2109 582 2163 originem
614 2123 779 2164 sapere.
831 2110 1064 2153 Maximam
1095 2110 1230 2164 igitur
1260 2109 1537 2153 offensionem
1568 2112 1750 2164 praebet
1769 2111 1982 2153 dubitatio
2014 2111 2101 2164 illa,
2135 2125 2243 2163 quae
2275 2112 2422 2153 verbis

372 2179 507 2224 inest:
539 2181 731 2224 libertini
751 2181 980 2233 locupletis
1012 2181 1265 2223 incertum
1296 2180 1409 2222 filius
1431 2193 1487 2223 an
1507 2181 1718 2223 alumnus.
1772 2181 1889 2234 Quae
1919 2182 2124 2233 quomodo
2152 2186 2247 2223 orta
2279 2181 2338 2223 sit
2369 2194 2423 2224 ex

374 2261 427 2292 ea
448 2263 573 2304 quam
595 2264 676 2307 ego
697 2251 782 2295 feci
803 2251 1090 2305 explicatione
1110 2250 1238 2294 valde
1260 2250 1414 2305 elucet,
1438 2250 1504 2293 sin
1526 2251 1581 2294 ab
1602 2251 1687 2293 ullo
1702 2250 1734 2294 J
1735 2251 1930 2294 uvenalis
1952 2251 2120 2303 aequali
2141 2251 2212 2294 vel
2233 2255 2424 2295 aetatem

374 2322 466 2364 eius
488 2323 680 2377 proxime
702 2323 948 2378 attingente
969 2322 1138 2365 homine
1159 2321 1279 2365 facta
1307 2322 1378 2378 sit,
1409 2321 1580 2366 minime
1602 2322 1809 2366 eiusmodi
1831 2322 1998 2366 caussis
2020 2326 2254 2366 excusatur
2274 2323 2424 2376 quales

375 2394 624 2437 Teuffellius
652 2395 783 2437 Jahn.
805 2395 958 2437 Jahrb.
980 2394 1010 2436 f.
1033 2393 1186 2436 Philol.
1209 2405 1249 2436 u.
1273 2393 1377 2436 Pad.
1409 2393 1564 2447 Jahrg.
1593 2395 1658 2448 15,
1680 2393 1759 2436 Bd.
1783 2395 1852 2448 43,
1875 2406 1975 2448 pag.
2003 2395 2098 2436 105.
2126 2396 2206 2437 106
2229 2394 2422 2448 protulit.

374 2463 486 2518 Quid
502 2465 644 2507 enim?
669 2466 930 2521 „Rhetorum
953 2464 1111 2506 scholis
1130 2475 1355 2518 egressum
1369 2464 1400 2506 J
1401 2464 1626 2506 uvenalem
1641 2463 1755 2506 haud
1772 2463 1956 2506 absurde
1974 2477 2205 2517 paucorum
2221 2478 2424 2509 versuum

375 2535 554 2578 satiram
595 2536 639 2578 in
681 2537 880 2579 Paridem
926 2535 1233 2590 pantomimum
1273 2540 1528 2589 poetamque
1570 2535 1850 2579 semestribus
1898 2534 2111 2590 *militiolis
2169 2536 2424 2580 emicantem

378 2605 651 2662 [tumentem]
686 2608 990 2661 composuisse,
1024 2607 1253 2647 satirarum
1276 2619 1413 2660 genus
1436 2607 1590 2649 deinde
1612 2606 1664 2648 de
1696 2606 1909 2648 indust-ria
1940 2606 2182 2649 excoluisse
2204 2612 2249 2649 et
2279 2612 2424 2650 tamen

373 2675 482 2718 bene
504 2676 576 2718 diu
592 2690 647 2719 ne
668 2678 833 2720 modico
851 2678 1020 2730 quidem
1037 2677 1247 2719 auditorio
1264 2677 1494 2729 quidquam
1516 2677 1780 2720 committere
1803 2690 1951 2719 ausum
1965 2690 2062 2719 mox
2078 2682 2201 2720 tanto
2219 2689 2423 2721 successu

375 2746 568 2789 auditum
590 2761 703 2803 esse,
724 2753 774 2790 ut
796 2783 805 2791 .
832 2783 840 2790 .
866 2751 902 2791 .“
939 2750 1045 2790 haec
1068 2749 1240 2800 singula
1259 2749 1379 2789 vitae
1401 2751 1553 2789 auctor
1573 2753 1693 2790 certo
1716 2748 1825 2790 scire
1846 2748 1999 2802 potuit,
2031 2753 2174 2789 utrum
2195 2749 2422 2791 libertinus

373 2817 500 2867 pater
530 2830 586 2859 an
617 2819 730 2861 altor
760 2818 937 2873 fuisset,
980 2819 1090 2860 scire
1121 2830 1205 2859 non
1235 2818 1406 2870 potuit?
1458 2817 1570 2870 Quid
1601 2819 1766 2859 multa?
1813 2818 1923 2869 quod
1962 2819 2033 2869 qui
2064 2819 2200 2860 ,vitam
2232 2819 2422 2873 scripsit,

372 2884 419 2928 in
449 2885 587 2938 prima
624 2901 677 2931 ea
707 2888 870 2942 aliquid
912 2889 1053 2932 nescit
1089 2888 1284 2940 idemque
1322 2887 1560 2930 studiorum
1602 2887 1830 2930 Juvenalis
1868 2889 2237 2931 accuratissimam
2279 2889 2424 2942 prodit

375 2955 623 3015 scientiam,
668 2972 720 3003 ea
749 2972 797 3002 re
840 2971 1101 3015 magnopere
1138 2971 1416 3002 commoveor.
1490 2958 1624 3002 Porro
1668 2972 1745 3001 cur
1791 2972 1844 3001 ne
1885 2972 2013 3001 unum
2057 2959 2227 3012 quidem
2270 2973 2424 3003 nomen

374 3025 553 3070 affertur
581 3030 667 3073 nisi
688 3030 858 3074 Paridis
881 3035 927 3074 et
948 3031 1171 3086 Aegypti?
1222 3043 1398 3083 quorum
1429 3033 1656 3082 utrumque
1688 3044 1741 3073 ex
1773 3030 1879 3083 ipsis
1911 3030 2057 3072 satiris
2089 3030 2292 3073 facillime
2314 3032 2421 3074 sumi

373 3100 625 3157 potuerunt3
668 3105 715 3144 at
745 3113 884 3156 neque
914 3101 1147 3156 imperator
1177 3112 1203 3144 a
1245 3113 1326 3155 quo
1355 3100 1385 3144 J
1388 3099 1585 3144 uvenalis
1617 3100 1767 3155 pulsus
1799 3100 1856 3144 sit
1887 3100 2129 3145 nominatur
2159 3114 2298 3155 neque
2326 3103 2424 3155 quis

373 3168 447 3210 ille
479 3169 612 3213 fuerit
642 3176 845 3219 narratur
881 3176 1009 3227 „tunc
1041 3173 1086 3215 in
1118 3172 1284 3215 deliciis
1316 3172 1439 3214 aulae
1470 3171 1688 3215 habitus“.
1751 3172 1985 3215 Praeterea
2016 3176 2210 3216 extrema
2230 3173 2425 3227 Aegypti

2090 3252 2139 3289 2*
