2774 3681
1199 240 1491 282 -21-

317 366 608 422 Apollinarem
637 370 681 411 et
712 367 882 411 scholia.
915 367 1034 420 Quae
1064 369 1143 412 hoc
1192 369 1283 413 loco
1325 369 1582 423 referuntur,
1616 382 1668 413 ea
1711 382 1764 414 ex
1801 370 1962 415 Malaia
2002 372 2219 426 descripta
2261 376 2374 424 sunt,

318 438 394 483 sed
425 441 524 481 sunt
563 437 670 481 adeo
709 437 895 492 confusa,
936 444 985 483 ut
1021 441 1134 484 tanti
1164 452 1247 483 non
1278 441 1334 483 sit
1364 441 1417 483 de
1448 441 1511 484 eis
1542 442 1782 496 anquirere.
1821 442 1941 493 Quod
1981 441 2227 497 Pentapolis
2254 442 2372 487 exilii

317 509 433 553 locus
463 508 590 552 fuisse
620 508 766 562 fertur,
798 510 843 553 id
874 510 1035 554 nullam
1066 510 1170 554 mihi
1201 511 1510 555 dubitationem
1539 512 1669 556 inicit.
1701 512 1814 556 Nam
1844 513 1907 556 sin
1930 513 2067 556 minus
2087 525 2139 557 ex
2174 514 2227 557 iis
2257 525 2370 569 quae

318 583 505 624 aetatem
536 579 727 624 tulerunt
757 581 866 635 vitis,
900 585 946 625 at
976 595 1028 626 ex
1060 582 1283 637 deperdita
1308 582 1466 638 ,aliqua
1495 582 1602 627 haec
1649 583 1802 627 notitia
1843 583 2002 628 hausta
2040 588 2117 628 est.
2160 583 2369 629 Perfacile

318 651 429 694 enim
460 650 620 694 factum
651 665 743 695 esse
784 658 936 707 potest,
970 657 1017 696 ut
1055 654 1172 695 vitae
1212 666 1238 696 a
1280 657 1346 695 tot
1384 652 1569 696 librariis
1609 658 1850 708 temptatae
1889 655 2137 698 innumerae
2182 655 2368 710 antiquis

316 721 578 774 temporibus
609 724 865 766 variationes
896 728 1127 776 exstarent,
1159 736 1340 778 quarum
1371 725 1623 778 paucissima
1654 737 1756 779 pars
1787 726 1842 767 ad
1886 737 1962 768 nos
1999 727 2257 779 perveniret.
2300 725 2365 768 Ex

317 791 522 834 eiusmodi
562 793 694 845 igitur
734 795 822 835 vita
853 794 1022 836 variata
1062 806 1172 836 nunc
1208 794 1446 848 deperdita,
1479 796 1521 837 in
1553 807 1636 850 qua
1667 795 1890 850 Pentapoli
1921 795 2142 840 Juvenalis
2173 795 2368 839 exulasse

316 861 590 914 narrabatur,
623 864 762 906 nescio
794 876 848 906 an
881 863 1033 906 Suidas
1064 865 1149 919 (vel
1180 865 1380 919 Malalas)
1411 877 1563 908 nomen
1594 866 1695 909 illud
1728 867 1770 909 in
1802 867 1963 910 lexicon
1986 876 2111 909 suum
2140 865 2364 920 receperit.

316 932 399 974 Sed
431 933 484 975 de
515 933 605 975 loco
637 934 750 975 exilii
782 934 849 976 1110
880 934 1014 976 fusius
1045 935 1286 989 disceptare
1323 947 1406 977 non
1446 936 1582 989 magis
1620 948 1984 991 supervacaneum
2024 947 2153 990 quam
2194 936 2369 989 longum

316 1008 393 1046 est.
426 1003 574 1055 Neque
605 1005 717 1046 enim
749 1009 825 1056 est,
860 1019 934 1047 cur
964 1006 1226 1048 coniecturas
1253 1008 1634 1058 ,grammaticorum
1665 1009 1904 1050 necessario
1936 1008 2218 1049 curiosiorum
2248 1017 2366 1049 cure-

315 1087 419 1116 mus.
453 1073 655 1117 Attamen
687 1089 770 1128 quo
802 1078 938 1130 magis
971 1091 1099 1131 quam
1130 1077 1228 1119 illae
1268 1079 1535 1120 coniecturae
1567 1091 1693 1120 verae
1730 1092 1813 1121 non
1858 1080 1943 1120 sint
1981 1079 2279 1131 perspiciatur,
2313 1078 2368 1119 de

315 1144 430 1187 exilii
461 1145 533 1199 qui
564 1145 759 1189 feruntur
791 1148 1032 1190 auctoribus
1064 1148 1275 1202 quaedam
1307 1149 1542 1202 disputabo.

457 1216 520 1257 De
561 1221 734 1258 auctore
774 1219 887 1259 exilii
902 1266 909 1274 .
927 1219 1042 1260 haud
1082 1219 1220 1259 minor
1259 1220 1443 1260 vitarum
1476 1231 1604 1271 quam
1636 1220 1789 1260 ceteris
1820 1219 1864 1259 in
1895 1218 2022 1260 rebus
2054 1218 2256 1260 dissensio
2287 1221 2363 1260 est.

314 1284 551 1340 Pleraeque
586 1300 688 1330 sane
720 1287 915 1331 Caesaris
947 1301 1097 1331 nomen
1131 1301 1301 1342 prorsus
1331 1289 1538 1341 reticent3
1572 1301 1683 1343 quae
1715 1294 1858 1332 autem
1890 1288 2087 1338 afferunt,
2121 1289 2173 1331 de
2192 1287 2364 1331 Nerone

314 1357 555 1401 Domitiano
587 1358 769 1402 Traiano
802 1360 1067 1403 dissentiunt.
1102 1360 1243 1411 Quare
1275 1354 1404 1404 valde
1430 1360 1619 1415 profecto
1651 1361 1906 1411 mirandum,
1939 1360 2053 1413 quod
2085 1359 2130 1402 C.
2154 1359 2221 1402 Fr.
2254 1358 2363 1403 Her-

313 1442 504 1479 mannus,
539 1431 611 1483 qui
643 1443 669 1473 a
708 1431 949 1474 Domitiano
986 1431 1011 1473 J
1016 1431 1238 1473 uvenalem
1269 1431 1509 1485 relegatum
1550 1443 1643 1475 esse
1684 1432 1786 1483 vult,
1820 1431 1875 1474 ad
1907 1431 2083 1474 testium
2114 1442 2363 1473 consensum

313 1513 480 1553 semper
511 1502 707 1553 recurrit,
742 1514 866 1554 quem
899 1514 1021 1543 nemo
1053 1513 1137 1544 non
1169 1503 1286 1544 videt
1316 1514 1367 1544 ea
1394 1503 1436 1543 iu
1458 1514 1505 1545 re
1528 1514 1611 1544 non
1632 1504 1768 1555 magis
1790 1514 1917 1554 quam
1939 1502 1983 1544 in
2003 1502 2156 1544 ceteris
2178 1505 2362 1544 exstare.

311 1570 437 1613 Vitae
469 1572 580 1613 enim
612 1572 644 1624 Ι,
678 1573 751 1624 ΙΙΙ,
786 1573 822 1614 V
854 1573 914 1627 (in
946 1573 1034 1614 cod.
1069 1572 1320 1625 Bodleiano)
1353 1573 1515 1615 nullum
1546 1585 1698 1616 nomen
1735 1573 2031 1624 tradiderunt;
2074 1572 2187 1614 Nero
2229 1572 2362 1614 nomi—

311 1645 439 1684 natur
469 1641 512 1684 in
544 1641 632 1685 vita
664 1642 745 1685 VII
778 1647 821 1686 et
852 1644 895 1686 in
927 1642 1054 1686 schol.
1088 1643 1155 1687 ad.
1189 1643 1281 1696 VII,
1316 1643 1385 1696 92,
1420 1643 1650 1687 Domitiani
1682 1655 1834 1686 nomen
1868 1643 2051 1686 occurrit
2098 1642 2140 1684 in
2173 1641 2268 1685 vitis
2307 1640 2360 1691 II,

311 1711 383 1761 IV,
417 1712 519 1753 VIII
560 1713 806 1770 (Ruhliana)
840 1718 884 1756 et
914 1714 956 1756 in
989 1714 1115 1758 schol.
1150 1714 1204 1757 ad
1236 1714 1268 1767 Ι,
1305 1715 1342 1758 1.
1377 1718 1419 1757 et
1466 1714 1578 1769 apud
1610 1713 1796 1758 Suidam.
1832 1724 1863 1757 s.
1898 1725 1936 1756 v.
1965 1714 2225 1763 Ἰουβεναίλιος.
2264 1711 2361 1756 Sola

313 1796 422 1836 quae
462 1789 598 1826 restat
634 1786 721 1825 vita
762 1786 820 1825 VI
853 1787 1081 1827 Traianum
1120 1787 1321 1837 nominat,
1354 1786 1469 1827 cuius
1501 1786 1773 1838 imperatoris
1805 1795 1957 1826 nomen
1989 1787 2215 1837 praeterea
2246 1784 2361 1826 inve-

312 1856 450 1897 nimus
481 1857 524 1897 in
557 1856 713 1898 scholio
746 1857 930 1908 quodam
962 1857 1185 1898 deterioris
1206 1857 1387 1908 generis,
1412 1856 1525 1909 quod
1546 1856 1717 1898 exhibet
1740 1856 1829 1898 cod.
1854 1855 1953 1897 bibl.
1976 1867 2064 1906 reg.
2089 1854 2360 1897 Britannicae

316 1925 369 1965 15
402 1926 448 1966 B.
482 1927 624 1967 XVIII
655 1927 772 1979 (olim
803 1926 1137 1979 Bongarsianus)
1170 1931 1214 1967 et
1243 1927 1288 1968 in
1320 1938 1371 1968 ea
1403 1927 1491 1967 vita
1513 1937 1623 1978 quae
1646 1926 1700 1967 ad
1723 1930 1869 1968 cetera
1892 1926 2005 1967 vitae
2027 1925 2064 1966 V
2085 1925 2358 1977 respondens,

312 1996 434 2037 testis
466 2001 532 2037 est
564 1996 808 2048 Achaintre,
843 1998 885 2038 in
918 1997 1006 2038 cod.
1042 1997 1348 2038 Mediolanensi
1382 1995 1615 2037 112-353
1647 1996 1817 2049 legitur.

454 2069 512 2108 Ac
545 2068 596 2109 de
627 2067 796 2109 Nerone
836 2068 938 2109 nihil
981 2068 1201 2120 disputare
1234 2068 1369 2109 satius
1407 2068 1510 2118 erit3
1544 2078 1626 2120 quo
1663 2067 1902 2120 imperante
1932 2066 2029 2108 JUV.
2066 2076 2143 2119 per
2173 2069 2361 2109 aetatem

311 2138 399 2180 fere
431 2140 637 2191 puerilem
674 2139 829 2180 satiras
869 2140 1055 2181 scribere
1091 2139 1276 2180 nondum
1314 2139 1464 2190 potuit.
1499 2128 1740 2180 Domitiano
1780 2142 1923 2179 autem
1965 2137 2047 2179 duo
2084 2137 2361 2188 gravissimae

311 2210 577 2253 auctoritatis
609 2209 701 2261 viri,
736 2209 779 2251 C.
813 2209 881 2252 Fr.
916 2209 1185 2252 Hermannus
1217 2208 1269 2251 de
1301 2212 1381 2252 sat.
1414 2212 1521 2262 sept.
1555 2212 1646 2262 tpp.
1680 2212 1724 2251 et
1754 2207 1803 2251 G.
1837 2207 1885 2250 E.
1920 2207 2125 2251 Weberus
2156 2208 2199 2250 in
2230 2207 2361 2251 adno-

309 2282 538 2325 tationibus
561 2281 615 2325 ad
632 2281 954 2324 translationem
969 2280 1265 2323 Germanicam
1284 2283 1383 2323 satt.
1399 2280 1496 2323 Juv.
1515 2280 1687 2323 exilium
1704 2279 2032 2332 imputaverunt.
2051 2278 2200 2333 Neque
2216 2285 2362 2323 tamen

309 2352 492 2405 principi
529 2353 590 2394 illi
631 2356 832 2406 patronus
871 2350 1017 2394 defuit.
1052 2350 1103 2394 G.
1137 2351 1249 2394 enim
1284 2349 1511 2393 Teuffelius
1542 2350 1688 2405 (Jahn,
1722 2349 1870 2393 Jahrb.
1908 2349 1976 2391 15.
2009 2349 2160 2403 Jahrg.
2194 2349 2251 2391 43
2283 2349 2359 2393 Bd.

309 2434 407 2474 pag.
444 2423 526 2463 109
569 2422 678 2476 sqq.)
721 2422 945 2474 unicuique
993 2433 1168 2463 caussae
1215 2421 1268 2463 ab
1313 2420 1557 2463 Hermanno
1605 2421 1797 2473 prolatae
1845 2420 2040 2472 apposite
2081 2420 2359 2473 impugnavit.

310 2491 439 2534 Cuius
471 2494 660 2535 rationes
692 2504 787 2534 011111
818 2492 1012 2534 lubenter
1043 2503 1122 2543 ego
1144 2491 1392 2543 amplectar,
1416 2495 1506 2532 tum
1538 2491 1645 2532 alias
1678 2493 1780 2542 puto
1812 2490 1916 2532 mihi
1948 2491 1991 2532 in
2024 2494 2222 2542 promptu
2254 2503 2358 2541 esse,

309 2562 460 2616 quibus
483 2562 684 2606 momenti
706 2561 1016 2616 aliquantulum
1045 2562 1182 2605 inesse
1214 2560 1339 2604 facile
1359 2560 1570 2614 largiaris.
1610 2557 1836 2604 Teuffelius
1858 2573 1956 2614 pag.
1984 2561 2064 2603 111
2104 2559 2170 2603 1115
2206 2561 2361 2604 caussis

307 2634 550 2675 Domitiano
573 2633 744 2674 exilium
766 2633 1001 2685 abrogavit.
1025 2633 1214 2673 Primum
1246 2632 1358 2673 enim
1389 2632 1492 2673 levis
1524 2632 1723 2684 mitisque
1755 2643 1893 2684 poena
1919 2632 2092 2672 minime
2114 2636 2178 2672 est
2209 2632 2359 2672 saevis-

307 2706 401 2746 simi
432 2706 542 2746 illius
574 2706 856 2757 imperatoris.
903 2705 1067 2746 Deinde
1098 2706 1140 2745 in
1172 2716 1221 2745 eo
1254 2704 1426 2745 offensio
1458 2707 1535 2754 est,
1576 2703 1689 2754 quod
1720 2703 1939 2744 Juvenalis
1971 2715 2021 2744 ex
2064 2703 2187 2744 exilio
2218 2715 2359 2744 rever·

311 2788 381 2818 sus
418 2788 627 2828 nusquam
668 2775 720 2818 de
753 2787 801 2818 eo
833 2774 1040 2828 loquitur,v
1066 2787 1119 2817 ne
1151 2774 1194 2816 in
1225 2774 1364 2827 prima
1395 2774 1565 2827 quidem
1597 2774 1743 2823 satira,
1777 2787 1861 2827 qua
1893 2773 2170 2827 periculosum
2208 2773 2361 2815 satiras

306 2846 516 2889 scribendi
549 2847 766 2900 negotium
792 2846 1028 2899 exponitur,
1053 2858 1181 2898 quam
1214 2844 1291 2888 sub
1324 2844 1507 2888 Traiano
1545 2845 1745 2899 scriptam
1777 2858 1869 2887 esse
1900 2849 2066 2888 constat
2088 2843 2153 2898 (cf.
2177 2843 2357 2897 8111001·-

304 2916 422 2970 berg.
445 2917 471 2959 l.
491 2917 517 2960 1.
542 2930 640 2971 pag.
660 2917 715 2960 83
740 2916 862 2972 sqq).
889 2916 994 2958 Tum
1027 2914 1255 2959 Teuffelius
1287 2915 1482 2965 miratur,
1516 2928 1590 2958 001·
1621 2919 1747 2969 poeta
1780 2914 1833 2958 ab
1864 2915 1956 2969 ipso
1983 2914 2238 2963 Domitiano,
2260 2926 2355 2967 pos·

302 2991 504 3043 teaquam
536 2988 733 3032 Paridem
764 2987 915 3031 occidit
947 2986 1002 3043 (v.
1036 2986 1161 3030 schol.
1197 2987 1251 3030 ad
1284 2986 1355 3039 VI,
1389 2986 1463 3043 87)
1498 3000 1579 3030 000
1611 2987 1666 3029 sit
1702 2990 1938 3030 revocatus.
1984 2985 2115 3038 Quem
2152 2984 2208 3027 ad
2237 2996 2361 3028 scru—

303 3059 448 3113 pulum
493 3060 795 3103 removendum
840 3059 1110 3102 Hermannus
1141 3059 1169 3101 l.
1202 3059 1228 3106 l.
1264 3072 1361 3112 pag.
1399 3059 1454 3101 14
1483 3058 1739 3101 laudaverat
1783 3058 1907 3100 schol.
1943 3057 1997 3099 ad
2028 3057 2060 3109 Ι,
2098 3058 2135 3108 1,
2169 3056 2281 3110 quod
2314 3057 2356 3099 in
