2774 3681
1227 259 1520 302 ,19-

350 402 402 433 θο
440 375 630 449 iniuncta
669 401 774 432 esse.
807 390 938 443 Atqui
969 389 1025 433 ad
1054 376 1165 433 hunc
1196 402 1363 433 versum
1401 389 1478 432 sub
1508 390 1711 433 lemmate
1741 387 1923 431 CALVO
1955 388 2070 432 aliud
2110 388 2299 432 scholion
2330 401 2402 432 ex·

352 463 452 508 stat,
484 470 584 502 nam
615 471 668 501 ea
698 458 842 510 verba,
874 458 984 513 quae
1017 460 1154 512 attuli,
1186 460 1454 514 excipiuntur
1482 460 1619 503 hisce:

499 527 617 573 GAL
627 527 709 573 VO.
743 545 843 574 nam
872 534 910 574 et
939 530 1163 578 Suetonius
1193 531 1319 586 refert
1348 529 1496 586 (Dom.
1529 530 1605 586 18)
1638 531 1740 585 quia
1772 529 1922 573 calvus
1946 529 2043 584 fuit.
2076 529 2273 575 ultimum
2310 545 2405 576 vero

354 601 444 645 ideo
473 600 589 653 dicit,
621 601 723 655 quia
754 615 848 645 cum
888 600 1176 657 Vespasianus
1206 606 1243 646 et
1275 601 1397 646 Titus
1427 606 1465 646 et
1495 600 1778 645 Domicianus
1809 600 1975 645 Flavia
2005 615 2055 645 ex
2082 607 2198 657 yeute
2226 602 2403 657 fuerint,

352 671 635 715 Domicianus
664 672 842 716 ultimus
871 687 1013 716 earum
1043 678 1080 716 et
1111 673 1433 717 dissimillimus
1467 674 1702 728 imperavit.
1726 673 1920 715 meminit
1952 672 2025 715 hoc
2056 672 2252 717 Valerius
2274 673 2402 717 Mar-

352 742 473 785 tialis
514 743 558 785 in
596 743 897 798 epiqrammate
936 744 1013 798 (et)
1055 743 1123 786 his
1162 745 1350 787 versibus
1387 745 1507 798 finit.-
1548 743 1737 796 „Flavia
1764 757 1879 798 qens,
1909 748 2110 797 quantum
2143 744 2220 786 tibi
2249 746 2401 788 tertius

352 807 526 856 abstulit
567 813 695 857 heres.
721 828 828 869 pene
864 815 951 868 fuit
980 816 1089 857 tanti
1121 829 1199 858 non
1230 815 1425 858 habuisse
1455 816 1586 857 deos.“
1620 813 1805 857 Flaviae
1832 815 1969 869 yentis
1999 814 2194 860 ultimum
2209 814 2401 875 Domici-

352 898 482 926 anum
512 883 630 927 dicit.
662 885 736 928 hoc
765 885 876 928 enim
905 885 1054 928 ordine
1083 891 1359 940 reynaverunt
1391 886 1504 929 Nero
1543 886 1835 940 Vespasianus
1868 885 1988 927 Titus
2018 884 2316 929 Domicianus.

492 954 798 999 Praetermisso
829 956 954 999 exilio
986 957 1028 999 in
1060 956 1137 1000 hoc
1163 957 1317 1017 scholio
1349 957 1475 1012 plane
1505 956 1655 1000 eadem
1686 956 1838 999 referri
1869 956 1997 1009 vides,
2031 969 2142 1011 quae
2169 957 2212 1000 in
2235 961 2400 1002 antece-

353 1026 491 1070 dente.
510 1020 645 1079 Quam
660 1027 713 1070 ob
731 1039 823 1070 rem
840 1040 1116 1084 quaecunque
1131 1030 1208 1072 sub
1223 1029 1424 1072 lemmate
1440 1041 1593 1083 parum
1616 1028 1811 1071 videlicet
1831 1028 2145 1071 accommodato
2158 1028 2401 1074 VLTIMVS

350 1098 563 1152 leguntur,
596 1111 648 1141 ea
678 1102 897 1153 tamquam
929 1100 1138 1154 posterius
1170 1100 1365 1154 apposita
1395 1101 1536 1142 reici0.
1569 1100 1752 1142 Remota
1783 1100 1893 1142 enim
1924 1099 1998 1141 illa
2029 1099 2082 1142 de
2121 1099 2247 1142 exilio
2286 1105 2399 1154 nota,

353 1179 463 1223 quae
494 1168 668 1213 moleste
699 1169 927 1214 intercedit
959 1196 1009 1202 —-
1046 1175 1091 1214 at
1122 1171 1222 1227 quid
1254 1170 1467 1214 lubentius
1498 1169 1695 1213 librarios
1727 1181 1871 1214 censes
1903 1169 2204 1214 vetustissimis
2233 1170 2402 1215 scholiis

351 1239 554 1301 intulisse,
588 1251 717 1293 quam
747 1245 914 1294 gratam
946 1242 1062 1284 illam
1095 1242 1148 1284 de
1179 1242 1304 1284 exilio
1326 1242 1543 1284 notitiam!
1570 1265 1623 1275 ——
1648 1253 1794 1283 verum
1826 1246 1927 1283 nota
1959 1241 2033 1283 illa
2059 1246 2225 1284 remota
2254 1246 2400 1286 cetera

352 1322 404 1351 ex
435 1321 485 1352 eo
516 1310 685 1363 scholio,
720 1311 832 1364 quod
864 1311 941 1353 sub
971 1312 1172 1354 lemmate
1200 1311 1382 1353 CALVO
1405 1312 1573 1365 legitur,
1597 1312 1783 1365 repetita
1805 1316 1915 1353 sunt.
1952 1310 2034 1353 Sed
2056 1323 2110 1353 ne
2129 1311 2208 1353 hoc
2229 1311 2400 1366 quidem

352 1379 537 1423 scholion
558 1384 696 1424 totum
718 1383 841 1424 unius
875 1383 1057 1425 auctoris
1089 1387 1165 1425 est.
1198 1382 1315 1434 Quae
1347 1383 1390 1424 in
1412 1381 1495 1425 fine
1517 1383 1607 1424 eius
1629 1387 1798 1424 exstant
1822 1381 2023 1434 „Flaviae
2046 1382 2185 1437 gentis
2205 1382 2400 1426 ultimum

353 1451 646 1495 Domicianum
688 1453 802 1495 dicit.
836 1452 915 1496 hoc
955 1454 1067 1496 enim
1100 1454 1247 1495 ordine
1283 1457 1574 1506 regnaverunt
1602 1452 1715 1495 Nero
1747 1452 2035 1507 Vespasianus
2067 1452 2188 1495 Titus
2218 1453 2401 1497 Domici-

352 1526 500 1573 anus‚“
542 1535 636 1565 cum
677 1525 789 1577 quod
829 1529 957 1566 antea
1000 1524 1157 1566 dictum
1190 1528 1254 1566 est
1284 1524 1483 1576 languide
1513 1529 1724 1578 repetant,
1759 1529 1802 1565 et
1832 1525 1925 1577 ipsa
1956 1536 2033 1577 pro
2065 1523 2204 1566 alieno
2236 1524 2402 1567 addita-

355 1597 495 1635 mento
527 1593 724 1637 habenda
755 1600 865 1637 sunt.
899 1596 1051 1648 Itaque
1082 1607 1133 1637 ea
1164 1595 1445 1648 potissimum,
1478 1607 1588 1649 quae
1619 1595 1675 1637 ad
1705 1599 1784 1637 sat.
1809 1594 1905 1644 VII,
1937 1594 1992 1635 37
2026 1594 2234 1639 adnotata
2254 1595 2404 1639 relicta

352 1668 460 1715 sunt,
494 1676 604 1718 quae
636 1667 692 1707 sit
722 1666 975 1708 scholiorum
1008 1667 1194 1708 varietas
1226 1670 1270 1708 et
1300 1665 1473 1720 farrago
1502 1667 1725 1720 perspicue
1751 1666 1979 1707 illustrant.
2018 1664 2146 1715 Oasa,
2169 1666 2196 1707 i.
2221 1679 2256 1708 e.
2280 1666 2403 1710 Oasis

352 1748 403 1777 ex
433 1736 561 1779 schol.
594 1737 627 1790 Ι,
663 1738 686 1778 1
720 1738 927 1791 originem
959 1737 1084 1780 ducit.

492 1809 725 1851 Praeterea
765 1810 847 1851 duo
887 1810 1161 1851 inveniuntur
1197 1809 1355 1851 scholia
1396 1810 1451 1851 ad
1492 1816 1571 1851 sat.
1615 1810 1706 1860 VII,
1750 1810 1806 1850 92
1845 1815 1889 1850 et
1920 1809 1974 1850 ad
2013 1814 2092 1849 sat.
2126 1808 2217 1861 XV,
2250 1810 2320 1850 27.
2352 1811 2401 1852 In

352 1880 478 1922 schol.
512 1881 580 1922 ad.
615 1884 695 1923 sat.
728 1881 822 1930 VII,
856 1881 913 1922 92
958 1892 1052 1922 cum
1097 1881 1226 1923 verba
1260 1881 1497 1935 „Neronem
1541 1879 1763 1933 significat,
1798 1881 1870 1933 qui
1900 1881 2101 1922 scaenicis
2142 1880 2195 1922 ob
2231 1885 2400 1934 turpem

349 1951 565 1994 libidinem
587 1951 692 1994 haec
713 1952 956 2005 petentibus
977 1952 1252 2005 praestabat“
1276 1952 1540 1994 claudicante
1562 1952 1670 2004 pede
1697 1957 1952 2004 sequuntur:
1972 1955 2177 2005 „propter
2191 1951 2299 1994 hunc
2314 1966 2402 1995 ver-

351 2035 445 2063 sum
484 2024 642 2065 missus
684 2027 743 2065 est
785 2024 831 2065 in
870 2023 998 2065 exilio
1036 2037 1064 2064 a
1107 2021 1291 2065 Claudio
1323 2023 1536 2073 Nerone“,
1568 2021 1787 2064 confestim
1830 2022 2005 2063 iunioris
2037 2035 2185 2064 manus
2217 2024 2396 2075 vestigia

352 2093 761 2135 animadvertuntur.
793 2093 904 2135 Nam
936 2094 1007 2146 qui
1038 2094 1206 2146 scripsit
1228 2094 1406 2145 „missus
1427 2097 1491 2135 est
1512 2094 1555 2134 in
1577 2092 1701 2135 exilio
1725 2106 1750 2134 a
1767 2092 1980 2134 Claudio
2003 2092 2230 2134 Nerone“
2252 2094 2287 2135 is
2308 2094 2398 2136 sine

353 2162 479 2207 dubio
510 2164 696 2217 priorem
727 2163 874 2207 scholii
906 2168 1072 2217 partem
1105 2163 1181 2207 sub
1213 2164 1343 2208 oculis
1374 2163 1536 2216 habuit,
1561 2176 1643 2207 non
1674 2164 1786 2207 enim
1808 2162 2016 2207 Neronem
2039 2163 2152 2206 exilii
2180 2168 2396 2208 auctorem

352 2231 480 2279 fuisse
511 2234 759 2289 scripsisset,
793 2234 873 2278 nisi
906 2234 1257 2279 antecedentibus
1290 2234 1533 2288 „Neronem
1564 2232 1800 2288 significat“
1833 2237 2055 2288 corruptus
2087 2232 2247 2277 fuisset.

491 2305 590 2349 Jam
629 2317 711 2349 non
751 2305 878 2358 longa
919 2305 1207 2359 disputatione
1247 2317 1352 2359 opus
1391 2309 1457 2349 est
1497 2305 1550 2348 de
1591 2304 1846 2356 scholeV,
1880 2304 1948 2347 27.
1981 2304 2142 2347 Eadem
2184 2305 2294 2348 enim
2326 2315 2396 2349 res

351 2378 429 2418 est.
462 2376 510 2418 In
542 2377 737 2431 Aegypto
758 2376 936 2419 militem
967 2377 1153 2418 tenuisse
1184 2376 1279 2418 ideo
1310 2376 1520 2418 Iuvenalis
1552 2375 1718 2423 dicitur,
1753 2375 1853 2427 quia
1874 2375 2076 2427 scriptum
2105 2374 2148 2415 in
2170 2375 2266 2416 vitis
2302 2380 2398 2418 erat

352 2458 446 2488 eum
480 2447 534 2489 ad
567 2447 880 2500 praefecturam
914 2447 1096 2489 cohortis
1127 2447 1170 2487 in
1202 2447 1444 2499 Aegyptum
1476 2446 1647 2487 missum
1681 2457 1786 2487 esse.
1821 2445 2014 2487 Scholion
2046 2451 2187 2493 antem
2209 2446 2287 2488 hoc
2309 2450 2396 2488 est:

493 2517 599 2560 NOS
631 2517 906 2559 MIRANDA.
939 2518 989 2559 de
1019 2530 1062 2559 se
1092 2517 1196 2558 dicit
1226 2516 1452 2558 Juvenalis
1482 2517 1584 2568 quia
1615 2516 1662 2557 in
1694 2516 1773 2557 Ae
1759 2520 1884 2569 sypto
1914 2515 2091 2557 militem
2122 2517 2252 2558 tenuit
2281 2520 2319 2558 et
2348 2530 2397 2559 ea

350 2588 558 2639 promittit
588 2601 631 2631 se
660 2588 910 2639 relaturum,
942 2602 1047 2640 quae
1078 2588 1168 2641 ipse
1198 2587 1317 2630 vidit.

492 2660 578 2702 Aut
594 2662 730 2703 totam
749 2659 1067 2703 adnotationem
1085 2662 1158 2702 aut
1175 2663 1290 2702 certe
1307 2657 1438 2702 verba
1462 2658 1589 2712 „quia
1607 2682 1663 2687 —
1680 2657 1845 2700 tenuit“
1866 2657 2112 2700 recentioris
2130 2658 2286 2701 aetatis
2302 2669 2395 2702 esse

353 2728 618 2774 crediderim.
653 2729 851 2774 Ceterum
883 2730 935 2774 de
967 2730 1090 2774 exilio
1123 2743 1173 2774 ex
1204 2729 1281 2773 hoc
1312 2728 1468 2773 scholio
1500 2728 1603 2772 nihil
1643 2727 1836 2771 efficitur.
1871 2728 1962 2779 Qua
1994 2728 2047 2771 de
2078 2740 2227 2772 caussa
2257 2729 2396 2773 nescio

353 2810 406 2840 an
428 2799 513 2842 alia
545 2802 675 2844 etiam
707 2803 948 2844 coniectura
980 2802 1168 2854 expromi
1200 2802 1355 2854 possit3
1389 2813 1515 2853 quam
1547 2800 1715 2842 silentio
1748 2812 1829 2841 non
1852 2799 2281 2851 praetermittendam
2303 2811 2397 2842 esse

353 2867 471 2912 duco.
504 2869 597 2921 Qua
628 2871 738 2914 enim
771 2875 835 2914 est
865 2870 1075 2915 brevitate
1108 2871 1476 2925 simplicitateque,
1509 2870 1587 2913 hoc
1619 2869 1803 2913 scholion
1837 2869 2060 2923 antiquum
2098 2869 2236 2923 magis
2267 2881 2395 2925 quam

352 2941 560 2984 recentius
597 2953 690 2986 esse
730 2942 909 2985 videtur.
956 2945 1096 2996 Atque
1139 2946 1204 2985 est
1244 2941 1423 2985 fortasse
1456 2945 1499 2985 et
1538 2941 1599 2984 eis
1629 2940 1809 2991 scholiis,
1842 2952 1951 2994 quae
1982 2940 2321 2993 commemoravi,
2354 2944 2398 2983 et

351 3009 451 3063 ipsis
483 3011 579 3054 vitis
611 3013 838 3068 antiquius.
872 3012 990 3064 Quod
1024 3013 1058 3054 si
1089 3013 1151 3055 ita
1182 3024 1227 3055 se
1257 3012 1430 3064 habeat,
1461 3012 1565 3054 haec
1587 3012 1732 3066 utique
1756 3011 2040 3052 vetustissima
2061 3010 2114 3051 de
2135 3015 2263 3064 poeta
2294 3014 2398 3052 nota

351 3079 444 3131 ipsa
486 3082 597 3123 illius
641 3084 693 3125 de
738 3084 862 3125 exilio
906 3083 1077 3124 fabulae
1109 3083 1201 3124 fons
1233 3096 1325 3125 esse
1356 3084 1501 3136 possit.
1543 3082 1652 3123 Nam
1684 3083 1725 3122 in
1759 3083 1952 3134 Aegypto
1984 3081 2233 3123 Juvenalem
2266 3080 2398 3123 fuisse
