2774 3681
1242 250 1531 291 -23-

54 351 61 360 Δ
119 345 121 348 ⁴
188 364 191 367 ’
270 403 274 407 .
349 363 534 441 anfioni&
556 371 676 420 ἐτίμα
699 373 767 408 καὶ
788 370 1006 421 ιμεγοίλυνο,
1031 376 1097 411 καὶ
1121 371 1188 412 διά
1210 379 1334 413 τοῦτο
1359 372 1452 417 οὔτε
1484 375 1646 422 φοβιττό
1676 387 1762 414 τινα
1790 375 1924 414 αὐτᾶν
1949 376 2042 417 οὔτε
2065 380 2192 426 ducac.
2222 376 2419 424 διαβολῆς

347 440 390 467 τι
413 414 556 481 ῃακα
577 429 745 474 into-rw·
770 431 836 466 καὶ
859 429 958 483 ὀργῇ
984 428 1125 476 ἥκιστα
1141 429 1371 481 ἐδουλοῦτο,
1394 438 1473 471 τῶν
1497 446 1536 471 π
1552 432 1762 485 χρημάτων
1785 436 1863 472 πᾶν
1880 432 2091 489 ἀλλοτρίων
2115 438 2182 474 loa
2198 440 2266 475 καὶ
2286 435 2418 485 φόνοι

346 489 561 540 fflxm⁸
593 488 648 532 Id
661 479 816 538 Dionis
837 491 1133 535 testimonium
1155 492 1273 536 nulla
1292 506 1346 537 ex
1367 497 1493 547 parte
1514 494 1743 540 refutatur.
1775 494 1921 548 Atque
1937 496 2163 541 audiamus
2182 497 2413 541 Traianum

346 558 490 614 ipsum
504 560 559 603 de
579 560 676 604 miti
696 572 776 604 8110
796 561 973 616 ingenio
994 563 1108 616 apud
1123 563 1310 606 Plinium
1327 577 1393 618 ep.
1411 564 1468 620 X,
1488 567 1564 608 86:
1592 564 1806 619 „Potuisti
1823 577 1908 609 non
1929 565 2125 623 haerere,
2146 567 2211 610 mi
2221 566 2417 611 Secunde

288 637 291 639 ’
314 672 318 676 .
346 629 585 687 carissime,
618 631 737 674 circa
766 631 825 688 id,
857 632 911 676 de
944 645 1025 686 quo
1056 646 1123 675 me
1156 634 1463 677 consulendum
1496 635 1773 689 existimasti,
1819 648 1947 688 quum
1979 637 2248 690 propositum
2278 650 2416 681 meum

345 698 508 755 optime
522 695 693 758 nosses,
714 714 801 746 non
817 714 871 746 ex
886 707 1004 747 metu
1020 706 1066 747 et
1080 707 1247 747 terrore
1264 704 1480 747 hominum
1496 708 1573 748 aut
1590 704 1840 749 criminibus
1859 705 2105 750 maiestatis
2122 708 2424 752 reverentiam-

345 772 507 816 nomini
537 785 634 817 meo
667 773 878 827 adquiri“.
933 774 1158 817 Eiusmodi
1179 775 1480 828 imperatorem
1511 776 1576 818 ita
1606 788 1819 818 morosum
1840 775 1992 831 fuisse,
2024 780 2074 820 ut
2100 781 2278 833 propter
2308 778 2414 821 duos

276 896 278 898 ‚
344 846 503 887 versus
534 834 708 898 poetam
737 838 946 889 atrociter
976 844 1115 889 iratus
1147 859 1201 889 ex
1231 847 1338 889 urbe
1370 847 1620 901 depelleret,
1652 859 1776 890 nemo
1796 847 2012 890 mehercle
2044 848 2221 892 credere
2253 853 2413 903 potest.

344 912 630 959 Praebuisset
659 917 805 960 autem
836 927 935 959 sese
965 929 1050 960 non
1081 916 1206 960 modo
1236 929 1470 973 morosum,
1516 918 1593 961 sed
1624 918 1751 971 plane
1783 918 1996 973 insanum,
2041 933 2137 962 cum
2168 921 2338 973 quidem
2370 921 2414 963 in

345 983 446 1039 ipsa
474 984 551 1029 illa
582 986 720 1031 satira
750 998 777 1030 a
805 985 1023 1031 Juvenale
1056 999 1104 1031 se
1124 987 1294 1031 laudari
1324 987 1507 1032 videret.
1561 988 1753 1032 Modicas
1777 988 1849 1042 qui
1880 988 2031 1032 laudes
2063 989 2162 1033 illas
2185 1004 2284 1034 esse
2316 1004 2414 1034 con-

344 1056 598 1111 tenderunt,
630 1057 695 1099 eis
726 1056 900 1099 minime
933 1070 1016 1111 ego
1047 1058 1306 1112 adstipulari
1337 1070 1525 1113 possum.
1578 1059 1877 1114 Panegyricus
1910 1059 2023 1103 enim
2045 1060 2184 1104 satira
2214 1074 2299 1105 non
2329 1065 2412 1117 est,

345 1117 457 1180 quae
476 1128 523 1170 in
543 1131 801 1170 transcursu
816 1131 1003 1183 tantum,
1025 1133 1075 1170 ut
1096 1129 1492 1171 dissimilitudinum
1510 1130 1753 1172 coniunctio
1770 1129 1944 1185 evadat,
1967 1129 2031 1172 eis
2052 1129 2204 1173 laudes
2221 1131 2413 1175 tribuere

345 1199 468 1254 solet,
492 1198 579 1253 qui,
612 1210 708 1241 cum
729 1198 926 1252 plerique
947 1198 1023 1241 alii
1044 1211 1115 1241 res
1137 1198 1269 1241 utiles
1293 1211 1345 1241 ac
1365 1200 1500 1242 bonas
1524 1202 1814 1254 contemnant,
1837 1199 1996 1253 optime
2018 1199 2072 1242 de
2094 1200 2157 1243 eis
2178 1204 2410 1244 merentur.

342 1269 501 1323 Itaque
531 1271 579 1313 et
600 1268 738 1312 881118
760 1268 946 1322 septima
967 1268 1012 1311 in
1034 1268 1268 1311 Traianum
1300 1269 1494 1313 sinceras
1518 1270 1706 1313 cumulat
1737 1273 1783 1312 et
1802 1268 1975 1312 minime
1997 1268 2228 1313 affectatas
2260 1271 2410 1314 laudes

343 1351 398 1383 ea
428 1340 524 1383 sola
554 1339 609 1382 de
640 1351 819 1394 caussa,
864 1342 912 1396 ut
944 1342 1150 1391 quantum
1182 1339 1274 1381 eius
1318 1339 1544 1383 literarum
1584 1339 1885 1392 hominumque
1925 1339 2197 1383 literatorum
2229 1340 2355 1383 favor
2384 1353 2412 1384 a

343 1409 595 1464 proceribus
627 1408 800 1452 differat
828 1408 1132 1462 perspiciatur.
1186 1408 1309 1463 Quod
1339 1414 1388 1452 ut
1422 1413 1743 1464 assequeretur,
1777 1409 1884 1452 nihil
1906 1413 2002 1452 erat
2034 1422 2110 1452 cur
2141 1411 2337 1464 pluribus
2365 1415 2411 1454 et

344 1476 647 1524 disertioribus
678 1478 878 1521 laudibus
910 1492 1007 1521 eum
1038 1478 1225 1521 efferret.
1288 1480 1433 1530 Atque
1466 1481 1576 1521 satis
1609 1483 1711 1521 sunt
1741 1480 1841 1521 illae
1872 1492 2072 1534 magnae,
2105 1480 2160 1522 cf.
2193 1494 2236 1522 1.
2264 1484 2301 1522 1.
2339 1486 2411 1535 „et

343 1561 445 1605 spes
467 1551 514 1594 et
542 1547 656 1593 ratio
678 1547 917 1593 studiorum
947 1547 993 1592 in
1014 1547 1202 1592 Caesare
1234 1550 1447 1604 tantum“,
1479 1564 1522 1592 1.
1550 1553 1622 1592 17:
1667 1563 1815 1602 „nemo
1837 1554 1982 1591 tamen
2004 1550 2162 1591 studiis
2185 1551 2409 1603 indignum

306 1638 307 1641 ¹
341 1619 457 1664 ferre
486 1619 677 1663 laborem
708 1617 900 1674 Cogetur
930 1618 1139 1673 posthac“
1190 1632 1233 1662 1.
1268 1620 1349 1663 2οε
1399 1619 1504 1674 „hoc
1536 1619 1676 1675 agite,
1721 1633 1745 1663 o
1782 1619 1986 1675 iuvenes,
2031 1619 2326 1674 circumspicit
2363 1625 2410 1663 et

341 1690 540 1736 stimulat
569 1702 650 1732 vos
681 1689 998 1742 Materiamque
1033 1690 1116 1732 sibi
1147 1690 1270 1732 ducis
1302 1690 1578 1745 indulgentia
1609 1690 1802 1744 quaerit“
1845 1703 1888 1734 1.
1921 1692 2000 1733 31:
2037 1702 2165 1745 „spes
2197 1690 2316 1733 nulla
2345 1690 2409 1733 ul-

277 1789 281 1791 ·
340 1761 519 1806 terior“.
581 1760 645 1804 Et
675 1773 729 1804 ne
760 1759 1008 1803 Hermanno
1041 1760 1212 1813 quidem
1245 1761 1598 1814 adstipulandum
1637 1764 1725 1816 est,
1768 1761 1839 1813 qui
1884 1764 2036 1804 censet
2073 1761 2145 1815 (de
2178 1764 2261 1803 sat.
2295 1764 2406 1815 sept.

340 1835 432 1887 tpp.
472 1844 574 1886 pag.
621 1831 692 1886 19)
749 1830 925 1886 „laudes
971 1830 1070 1874 illas
1113 1840 1190 1872 τοῦ
1222 1835 1473 1882 deoc-ossa·
1510 1835 1617 1872 ἕνεκα
1664 1836 1712 1875 111
1766 1832 1925 1876 Graeci
1970 1832 2093 1875 aiunt
2143 1831 2407 1886 praemissas

340 1916 455 1961 esse,
485 1916 542 1948 ne
563 1901 775 1947 communi
795 1902 981 1946 omnium
1013 1902 1349 1957 reprehensione
1372 1903 1604 1947 Caesarem
1636 1917 1817 1960 quoque,
1850 1903 1970 1947 cuius
1992 1903 2193 1947 laedendi
2225 1916 2406 1947 caussas

339 1965 491 2031 procul
529 1975 731 2029 haberet,
776 1974 1004 2027 complecti
1047 1974 1313 2016 videretur“.
1388 1974 1516 2017 Stare
1557 1976 1693 2029 igitur
1723 1975 1767 2018 in
1799 1988 1849 2018 eo
1880 1978 2074 2031 oportet,
2119 1974 2232 2028 quod
2264 1974 2323 2017 sit
2354 1974 2407 2017 de

326 2047 541 2094 laudibus
572 2045 847 2101 imperatoris
891 2058 918 2087 a
961 2058 1028 2087 me
1071 2045 1319 2088 iudicatum.
1393 2046 1425 2088 J
1426 2058 1495 2088 am
1533 2058 1638 2088 vero
1679 2059 1706 2088 a
1735 2059 1867 2089 versu
1908 2048 1963 2088 36
2007 2045 2181 2088 tristem
2222 2045 2407 2090 omnium

341 2117 582 2162 studiorum
613 2116 903 2160 conditionem
935 2115 999 2158 ita
1031 2115 1222 2169 explicat
1253 2120 1397 2171 poeta,
1430 2120 1480 2158 ut
1511 2119 1662 2169 aperte
1685 2116 1870 2159 Neronis
1903 2128 2074 2170 semper
2105 2118 2150 2159 et
2171 2115 2406 2158 Domitiani

339 2188 572 2243 imperium
602 2200 657 2232 ex
693 2200 810 2230 more
852 2199 929 2229 suo
964 2186 1027 2242 (1.
1063 2190 1145 2229 881.
1178 2186 1220 2242 Ι,
1263 2188 1363 2240 170)
1397 2187 1614 2240 designet.
1678 2186 1748 2229 Ex
1784 2187 1857 2230 illo
1890 2187 2002 2230 enim
2034 2190 2227 2240 tempore
2265 2186 2407 2228 omnia

340 2259 539 2313 exempla
559 2258 784 2311 omniaque
805 2256 978 2300 nomina
998 2257 1225 2312 depromit,
1247 2257 1362 2300 inter
1384 2269 1494 2309 quae
1516 2258 1704 2300 observa
1725 2269 1779 2300 ne
1799 2270 1929 2302 unum
1951 2256 2123 2310 quidem
2133 2256 2177 2308 ²⁸¹)
2202 2256 2402 2310 inveniri,

341 2313 426 2383 quo
455 2328 527 2373 vir
556 2328 783 2372 etiamtum
813 2327 943 2370 vivus
977 2326 1260 2382 significetur.
1324 2327 1452 2371 Hunc
1482 2327 1514 2371 J
1515 2327 1714 2371 uvenalis
1752 2326 1798 2371 in
1835 2327 1973 2371 satira
2008 2326 2149 2381 prima
2179 2325 2405 2380 professus

336 2411 499 2444 morem
529 2398 595 2442 ita
626 2410 795 2452 semper
824 2400 967 2453 tenet,
1008 2401 1058 2440 ut
1087 2397 1247 2451 ubique
1287 2398 1340 2441 de
1372 2397 1553 2441 mortuis
1593 2397 1717 2451 quasi
1754 2397 1870 2442 vivis
1908 2398 2123 2452 loquatur.
2187 2396 2405 2452 Quomodo

336 2469 476 2525 igitur
491 2469 707 2513 Traianus
728 2469 847 2523 ipsos
867 2469 966 2511 illos
988 2480 1159 2524 versus,
1182 2469 1339 2522 quippe
1362 2468 1434 2521 qui
1455 2468 1684 2522 perspicue
1699 2468 1937 2512 Domitiani
1957 2472 2154 2523 tempora
2175 2470 2406 2522 carperent

337 2540 563 2594 eidemque
584 2540 753 2583 mediae
783 2552 888 2582 suae
918 2539 1038 2582 laudi
1059 2539 1309 2593 interpositi
1331 2542 1494 2595 essent,
1527 2540 1572 2583 in
1595 2551 1642 2583 se
1673 2539 1812 2584 dictos
1835 2551 1934 2584 esse
1954 2539 2176 2594 acciperet
2189 2541 2209 2582 ‘s'
2261 2538 2404 2594 Quid?

336 2615 622 2666 posteaquam
658 2612 704 2654 in
736 2614 892 2654 senatu
923 2623 950 2652 a
976 2611 1117 2653 Plinio
1147 2610 1344 2654 Secundo
1375 2611 1444 2654 his
1475 2611 1624 2655 verbis
1656 2611 1858 2655 laudatus
1891 2610 1951 2655 sit
1978 2610 2107 2667 (Plin.
2130 2622 2286 2665 paneg.
2311 2609 2403 2665 47).

340 2682 430 2736 ,Ut
460 2683 541 2724 sub
572 2686 618 2724 te
650 2682 851 2735 spiritum
882 2685 929 2723 et
966 2681 1221 2735 sanguinem
1259 2685 1305 2723 et
1335 2682 1522 2736 patriam
1561 2685 1820 2735 receperunt
1858 2681 2023 2738 studia,
2066 2692 2177 2736 quae
2214 2680 2404 2735 priorum

336 2755 580 2806 temporum
600 2752 848 2795 immanitas
870 2751 1014 2795 exiliis
1035 2752 1257 2806 puniebat,
1290 2764 1418 2803 quum
1441 2752 1525 2794 sibi
1546 2752 1749 2793 vitiorum
1772 2752 1957 2795 omnium
1979 2752 2180 2794 conscius
2201 2751 2403 2806 princeps

335 2821 534 2867 inimicas
553 2821 679 2865 vitiis
709 2825 831 2865 artes
862 2834 948 2864 non
980 2821 1077 2863 odio
1108 2822 1249 2875 magis
1271 2835 1399 2873 quam
1430 2822 1679 2864 reverentia
1701 2822 1960 2878 relegaret,“
1997 2834 2098 2864 num
2129 2822 2273 2876 paullo
2304 2825 2406 2875 post

336 2890 424 2948 (ita
452 2890 566 2936 enim
597 2905 693 2935 cum
723 2891 799 2935 alii
829 2895 921 2934 tum
953 2892 1229 2935 Hermannus
1262 2893 1467 2947 credidit,
1510 2892 1690 2934 satiram
1723 2893 1950 2945 septimam
1989 2906 2075 2935 non
2105 2893 2170 2934 ita
2200 2893 2273 2933 diu
2304 2895 2405 2945 post

481 3020 515 3065 ⁸)
539 3020 595 3056 De
612 3019 856 3064 Quinctiliano
872 3021 921 3065 (v.
942 3023 1008 3057 186
1025 3021 1116 3066 sqq.)
1134 3024 1211 3058 tum
1227 3025 1369 3058 mortuo
1386 3031 1420 3059 v,
1439 3019 1478 3057 Ο.
1490 3019 1661 3057 Rothium
1678 3019 1716 3057 in
1733 3021 1847 3067 praef.
1866 3021 1922 3058 ed.
1935 3021 2082 3058 sueton.
2096 3032 2180 3066 pag.
2194 3019 2404 3056 LXXXVII

333 3082 374 3114 et
398 3078 572 3123 Smerb.
599 3079 624 3115 1.
649 3079 674 3115 l.
699 3089 785 3125 pag.
810 3083 866 3116 76.
